[{"image":"https://assets.shop.loblaws.ca/products/20070132001/b3/en/front/20070132001_front_a06_@2.png","text":"$1.69\n\nEnglish Cucumber\n\n1 ea, $1.69/1ea"},{"image":"https://assets.shop.loblaws.ca/products/20163119001/b3/en/front/20163119001_front_a06_@2.png","text":"sale\n$2.49\n\nwas\n$2.99\n\nCelery Stalks\n\n1 ea, $2.49/1ea\n\nSAVE $0.50"},{"image":"https://assets.shop.loblaws.ca/products/20107500001/b3/en/front/20107500001_front_a06_@2.png","text":"$1.49\n\nGreen Onion\n\n1 bunch, $1.49/1ea"},{"image":"https://assets.shop.loblaws.ca/products/20811994001/b3/en/front/20811994001_front_a06_@2.png","text":"$2.99\n\nFarmer's Market\n\nYellow Onions\n\n3 lb bag, $0.22/100g"},{"image":"https://assets.shop.loblaws.ca/products/20127708001/b3/en/front/20127708001_front_a06_@2.png","text":"about $2.07\n\nSweet Potato\n\n$3.28/1kg"},{"image":"https://assets.shop.loblaws.ca/products/20145621001/b3/en/front/20145621001_front_a06_@2.png","text":"$2.99\n\nBroccoli\n\n1 ea, $2.99/1ea"},{"image":"https://assets.shop.loblaws.ca/products/20135377001/b3/en/front/20135377001_front_a06_@2.png","text":"$4.99\n\nCauliflower\n\n1 ea, $4.99/1ea"},{"image":"https://assets.shop.loblaws.ca/products/20600927001/b3/en/front/20600927001_front_a06_@2.png","text":"$2.99\n\nFarmer's Market\n\nCarrots\n\n3 lb bag, $0.22/100g"},{"image":"https://assets.shop.loblaws.ca/products/20135326001/b3/en/front/20135326001_front_a06_@2.png","text":"$2.99\n\nLettuce Iceberg\n\n1 ea, $2.99/1ea"},{"image":"https://assets.shop.loblaws.ca/products/20007535001/b3/en/front/20007535001_front_a06_@2.png","text":"about $1.85\n\nRed Peppers\n\n$7.69/1kg"},{"image":"https://assets.shop.loblaws.ca/products/20026703001/b3/en/front/20026703001_front_a06_@2.png","text":"sale\nabout $3.12\n\nwas\n$3.90\n\nTomato On The Vine Red (1 Bunch)\n\n$4.39/1kg\n\nSAVE $0.78"},{"image":"https://assets.shop.loblaws.ca/products/20426141001/b3/en/front/20426141001_front_a06_@2.png","text":"about $1.77\n\nTomato Beefsteak Red\n\n$6.59/1kg"},{"image":"https://assets.shop.loblaws.ca/products/20921434001/b3/en/front/20921434001_front_a06_@2.png","text":"sale\n$4.00\n\nwas\n$6.00\n\nNo Name\n\nNaturally Imperfect Mixed Sweet Peppers 2.5lb Bag\n\n1.113 kg, $0.36/100g\n\nSAVE $2.00"},{"image":"https://assets.shop.loblaws.ca/products/20134101001/b3/en/front/20134101001_front_a06_@2.png","text":"about $2.03\n\nRed Onion\n\n$5.49/1kg"},{"image":"https://assets.shop.loblaws.ca/products/20143381001/b3/en/front/20143381001_front_a06_@2.png","text":"about $0.53\n\nRoma Tomatoes\n\n$4.39/1kg"},{"image":"https://assets.shop.loblaws.ca/products/20425893001/b3/en/front/20425893001_front_a06_@2.png","text":"about $1.85\n\nSweet Green Peppers\n\n$6.59/1kg"},{"image":"https://assets.shop.loblaws.ca/products/20179038001/b3/en/front/20179038001_front_a06_@2.png","text":"about $1.38\n\nGinger\n\n$6.59/1kg"},{"image":"https://assets.shop.loblaws.ca/products/20426596001/b3/en/front/20426596001_front_a06_@2.png","text":"about $1.54\n\nZucchini\n\n$5.49/1kg"},{"image":"https://assets.shop.loblaws.ca/products/21004355001/b3/en/front/21004355001_front_a06_@2.png","text":"sale\n$0.89\n\nwas\n$0.99\n\nRooster\n\nGarlic Bulbs, 3-count\n\n90 g, $0.30/1ea\n\nSAVE $0.10"},{"image":"https://assets.shop.loblaws.ca/products/20600997001/b3/en/front/20600997001_front_a06_@2.png","text":"$5.99\n\nFarmer's Market\n\nWhite Potatoes\n\n10 lb bag, $0.13/100g"},{"image":"https://assets.shop.loblaws.ca/products/20117550001/b3/en/front/20117550001_front_a06_@2.png","text":"$3.99\n\nFarmer's Market\n\nSweet Baby Peppers (4-Pack)\n\n1 ea, $1.00/1ea"},{"image":"https://assets.shop.loblaws.ca/products/20036155001/b3/en/front/20036155001_front_a06_@2.png","text":"sale\nabout $0.16\n\nwas\n$0.33\n\nBrussels Sprouts\n\n$5.49/1kg\n\nSAVE $0.17"},{"image":"https://assets.shop.loblaws.ca/products/20083454001/b3/en/front/20083454001_front_a06_@2.png","text":"about $2.53\n\nSweet Onion\n\n$5.49/1kg"},{"image":"https://assets.shop.loblaws.ca/products/20601017001/b3/en/front/20601017001_front_a06_@2.png","text":"$6.99\n\nFarmer's Market\n\nYellow Potato 10lb Bag\n\n10 lb bag, $0.15/100g"},{"image":"https://assets.shop.loblaws.ca/products/20793034001/b3/en/front/20793034001_front_a06_@2.png","text":"about $3.66\n\nCabbage, Green\n\n$2.18/1kg"},{"image":"https://assets.shop.loblaws.ca/products/20738571/b3/en/front/20738571_front_a06_@2.png","text":"$3.99\n\nPresident's Choice\n\nWhole White Mushrooms\n\n454 g, $0.88/100g"},{"image":"https://assets.shop.loblaws.ca/products/20737570001/b3/en/front/20737570001_front_a06_@2.png","text":"$3.99\n\nFarmer's Market\n\nMini Cucumbers\n\n6 pack, $0.67/1ea"},{"image":"https://assets.shop.loblaws.ca/products/21035960001/b3/en/front/21035960001_front_a06_@2.png","text":"$4.99\n\nFarmer's Market\n\nMini Cucumbers\n\n15x1.0 ea, $0.33/1ea"},{"image":"https://assets.shop.loblaws.ca/products/21121560001/b3/en/front/21121560001_front_a06_@2.png","text":"$1.99\n\nBroccoli Crown\n\n1 ea, $1.99/1ea"},{"image":"https://assets.shop.loblaws.ca/products/20325274001/b3/en/front/20325274001_front_a06_@2.png","text":"about $5.28\n\nButternut Squash\n\n$3.28/1kg"},{"image":"https://assets.shop.loblaws.ca/products/20164563001/b3/en/front/20164563001_front_a06_@2.png","text":"about $3.47\n\nRutabaga\n\n$2.18/1kg"},{"image":"https://assets.shop.loblaws.ca/products/20135581001/b3/en/front/20135581001_front_a06_@2.png","text":"about $1.43\n\nColossal Garlic\n\n$14.31/1kg"},{"image":"https://assets.shop.loblaws.ca/products/20840038001/b3/en/front/20840038001_front_a06_@2.png","text":"$6.00\n\nFarmer's Market\n\nGrape Tomato 907G\n\n908 g, $0.66/100g"},{"image":"https://assets.shop.loblaws.ca/products/20081484001/b3/en/front/20081484001_front_a06_@2.png","text":"sale\n$2.97\n\nwas\n$4.99\n\nPumpkin, Large\n\n1 ea, $2.97/1ea\n\nSAVE $2.02"},{"image":"https://assets.shop.loblaws.ca/products/20117370001/b3/en/front/20117370001_front_a06_@2.png","text":"$2.49\n\nFarmer's Market\n\nMini Carrots\n\n340 g, $0.73/100g"},{"image":"https://assets.shop.loblaws.ca/products/21367888001/b3/en/front/21367888001_front_a06_@2.png","text":"$3.49\n\nFarmer's Market\n\nGrape Tomatoes\n\n283 g, $1.23/100g"},{"image":"https://assets.shop.loblaws.ca/products/20065036001/b3/en/front/20065036001_front_a06_@2.png","text":"$2.49\n\nRomaine Lettuce\n\n1 ea, $2.49/1ea"},{"image":"https://assets.shop.loblaws.ca/products/20601020001/b3/en/front/20601020001_front_a06_@2.png","text":"$5.99\n\nFarmer's Market\n\nRusset Potatoes\n\n10 lb bag, $0.13/100g"},{"image":"https://assets.shop.loblaws.ca/products/20101185001/b3/en/front/20101185001_front_a06_@2.png","text":"$1.69\n\nPie Pumpkin\n\n1 ea, $1.69/1ea"},{"image":"https://assets.shop.loblaws.ca/products/20003839001/b3/en/front/20003839001_front_a06_@2.png","text":"about $2.03\n\nWhite Onion\n\n$5.49/1kg"},{"image":"https://assets.shop.loblaws.ca/products/20031454001/b3/en/front/20031454001_front_a06_@2.png","text":"$4.99\n\nFarmer's Market\n\nMini Carrots\n\n2 lb bag, $0.55/100g"},{"image":"https://assets.shop.loblaws.ca/products/20116186001/b3/en/front/20116186001_front_a06_@2.png","text":"about $0.51\n\nCarrots\n\n$3.95/1kg"},{"image":"https://assets.shop.loblaws.ca/products/20142683001/b3/en/front/20142683001_front_a06_@2.png","text":"$0.33\n\nGreen Beans\n\n$0.66/100g"},{"image":"https://assets.shop.loblaws.ca/products/21247300001/b3/en/front/21247300001_front_a06_@2.png","text":"sale\n$2.99\n\nwas\n$3.99\n\nPresident's Choice\n\nYellow Mini Potatoes\n\n0.68 kg, $0.44/100g\n\nSAVE $1.00"},{"image":"https://assets.shop.loblaws.ca/products/21238643001/b3/en/front/21238643001_front_a06_@2.png","text":"$3.99\n\nPC Organics\n\nOrganic Mini Mix Potatoes 454G\n\n454 g, $0.88/100g"},{"image":"https://assets.shop.loblaws.ca/products/20686417001/b3/en/front/20686417001_front_a06_@2.png","text":"about $14.36\n\nLong Eggplants (1Pack)\n\n$9.90/1kg"},{"image":"https://assets.shop.loblaws.ca/products/20001440001/b3/en/front/20001440001_front_a06_@2.png","text":"$5.99\n\nPC Organics\n\nOrganic Cauliflower\n\n1 ea, $5.99/1ea"},{"image":"https://assets.shop.loblaws.ca/products/20944462001/b3/en/front/20944462001_front_a06_@2.png","text":"sale\n$5.00\n\nwas\n$6.00\n\nNo Name\n\nNaturally Imperfect Potatoes 15lb\n\n6804 g, $0.07/100g\n\nSAVE $1.00"},{"image":"https://assets.shop.loblaws.ca/products/20175355001/b3/en/front/20175355001_front_a06_@2.png","text":"about $1.50\n\nBananas, Bunch\n\n$1.30/1kg"},{"image":"https://assets.shop.loblaws.ca/products/20049778001/b3/en/front/20049778001_front_a06_@2.png","text":"$3.99\n\nStrawberries 1LB\n\n454 g, $0.88/100g"},{"image":"https://assets.shop.loblaws.ca/products/20425775001/b3/en/front/20425775001_front_a06_@2.png","text":"about $8.98\n\nPC Extra Large Green Seedless Grapes\n\n$8.80/1kg"},{"image":"https://assets.shop.loblaws.ca/products/20159199001/b3/en/front/20159199001_front_a06_@2.png","text":"about $8.71\n\nPC Extra Large Red Seedless Grapes\n\n$8.80/1kg"},{"image":"https://assets.shop.loblaws.ca/products/20028593001/b3/en/front/20028593001_front_a06_@2.png","text":"sale\n$0.59\n\nwas\n$0.79\n\nLemon\n\n1 ea, $0.59/1ea\n\nSAVE $0.20"},{"image":"https://assets.shop.loblaws.ca/products/20069661001/b3/en/front/20069661001_front_a06_@2.png","text":"$8.99\n\nStrawberries 2LB\n\n907 g, $0.99/100g"},{"image":"https://assets.shop.loblaws.ca/products/20128938001/b3/en/front/20128938001_front_a06_@2.png","text":"sale\n$2.99\n\nwas\n$4.49\n\nRaspberries 1/2 pint\n\n170 g, $1.76/100g\n\nSAVE $1.50"},{"image":"https://assets.shop.loblaws.ca/products/20142232001/b3/en/front/20142232001_front_a06_@2.png","text":"$3.99\n\nAvocados Bag\n\n1 bag, $0.80/1ea"},{"image":"https://assets.shop.loblaws.ca/products/20054025001/b3/en/front/20054025001_front_a06_@2.png","text":"$6.99\n\nFarmer's Market\n\nMandarin\n\n4 lb, $0.39/100g"},{"image":"https://assets.shop.loblaws.ca/products/20139509001/b3/en/front/20139509001_front_a06_@2.png","text":"about $2.40\n\nPC Organics\n\nOrganic Bananas, Bunch\n\n$2.18/1kg"},{"image":"https://assets.shop.loblaws.ca/products/20040489001/b3/en/front/20040489001_front_a06_@2.png","text":"$0.79\n\nLimes\n\n1 ea, $0.79/1ea"},{"image":"https://assets.shop.loblaws.ca/products/21160658001/b3/en/front/21160658001_front_a06_@2.png","text":"sale\nabout $0.30\n\nwas\n$0.92\n\nOrchard Run Gala Apples\n\n$1.41/1kg\n\nSAVE $0.62"},{"image":"https://assets.shop.loblaws.ca/products/20160992001/b3/en/front/20160992001_front_a06_@2.png","text":"$3.99\n\nPineapple\n\n1 ea, $3.99/1ea"},{"image":"https://assets.shop.loblaws.ca/products/20167017001/b3/en/front/20167017001_front_a06_@2.png","text":"$3.99\n\nCantaloupe\n\n1 ea, $3.99/1ea"},{"image":"https://assets.shop.loblaws.ca/products/21097012001/b3/en/front/21097012001_front_a06_@2.png","text":"$1.99\n\nAvocado\n\n1 ea, $1.99/1ea"},{"image":"https://assets.shop.loblaws.ca/products/20034947001/b3/en/front/20034947001_front_a06_@2.png","text":"$7.99\n\nRaspberry Pint\n\n340 g, $2.35/100g"},{"image":"https://assets.shop.loblaws.ca/products/20051015001/b3/en/front/20051015001_front_a06_@2.png","text":"$3.99\n\nBlackberries 1/2 Pint\n\n170 g, $2.35/100g"},{"image":"https://assets.shop.loblaws.ca/products/20080137001/b3/en/front/20080137001_front_a06_@2.png","text":"$6.99\n\nBlueberries 1 pint\n\n340 g, $2.06/100g"},{"image":"https://assets.shop.loblaws.ca/products/20172240001/b3/en/front/20172240001_front_a06_@2.png","text":"about $1.38\n\nBartlett Pears\n\n$6.59/1kg"},{"image":"https://assets.shop.loblaws.ca/products/20059635001/b3/en/front/20059635001_front_a06_@2.png","text":"$1.29\n\nMango\n\n1 ea, $1.29/1ea\n\n$1.00 MIN 2"},{"image":"https://assets.shop.loblaws.ca/products/20795315001/b3/en/front/20795315001_front_a06_@2.png","text":"$4.99\n\nFarmer's Market\n\nLemons\n\n2 lb bag, $0.55/100g"},{"image":"https://assets.shop.loblaws.ca/products/20253488001/b3/en/front/20253488001_front_a06_@2.png","text":"about $1.32\n\nGranny Smith Apples\n\n$6.59/1kg"},{"image":"https://assets.shop.loblaws.ca/products/20152465001/b3/en/front/20152465001_front_a06_@2.png","text":"$4.99\n\nBlueberries 1/2 pint\n\n170 g, $2.94/100g"},{"image":"https://assets.shop.loblaws.ca/products/20162945001/b3/en/front/20162945001_front_a06_@2.png","text":"$5.79\n\nFarmer's Market\n\nNavel Oranges\n\n3 lb bag, $0.43/100g"},{"image":"https://assets.shop.loblaws.ca/products/20130242001/b3/en/front/20130242001_front_a06_@2.png","text":"$0.99\n\nKiwis\n\n1 ea, $0.99/1ea"},{"image":"https://assets.shop.loblaws.ca/products/20099819001/b3/en/front/20099819001_front_a06_@2.png","text":"$3.99\n\nFarmer's Market\n\nMandarin Oranges\n\n2 lb bag, $0.44/100g"},{"image":"https://assets.shop.loblaws.ca/products/20134767001/b3/en/front/20134767001_front_a06_@2.png","text":"sale\n$1.99\n\nwas\n$2.49\n\nPomegranate\n\n1 ea, $1.99/1ea\n\nSAVE $0.50"},{"image":"https://assets.shop.loblaws.ca/products/20316478001/b3/en/front/20316478001_front_a06_@2.png","text":"sale\nabout $0.44\n\nwas\n$0.66\n\nPlums, Black or Red\n\n$4.39/1kg\n\nSAVE $0.22"},{"image":"https://assets.shop.loblaws.ca/products/20311564001/b3/en/front/20311564001_front_a06_@2.png","text":"about $1.76\n\nYellow Peaches\n\n$8.80/1kg"},{"image":"https://assets.shop.loblaws.ca/products/20313872001/b3/en/front/20313872001_front_a06_@2.png","text":"$6.99\n\nOrganic Strawberries 1 LB\n\n454 g, $1.54/100g"},{"image":"https://assets.shop.loblaws.ca/products/21027142001/b3/en/front/21027142001_front_a06_@2.png","text":"$5.99\n\nPresident's Choice\n\nOntario Greenhouse-Grown Strawberries\n\n340 g, $1.76/100g"},{"image":"https://assets.shop.loblaws.ca/products/20067326001/b3/en/front/20067326001_front_a06_@2.png","text":"$6.99\n\nRed Seedless Watermelon\n\n1 ea, $6.99/1ea"},{"image":"https://assets.shop.loblaws.ca/products/20093376001/b3/en/front/20093376001_front_a06_@2.png","text":"about $1.38\n\nPink Lady Apples\n\n$6.59/1kg"},{"image":"https://assets.shop.loblaws.ca/products/20138228001/b3/en/front/20138228001_front_a06_@2.png","text":"$6.99\n\nBlackberries 1 pint\n\n340 g, $2.06/100g"},{"image":"https://assets.shop.loblaws.ca/products/20062405001/b3/en/front/20062405001_front_a06_@2.png","text":"about $0.92\n\nHoneycrisp Apples, Orchard Run\n\n$4.39/1kg"},{"image":"https://assets.shop.loblaws.ca/products/20111926001/b3/en/front/20111926001_front_a06_@2.png","text":"about $0.94\n\nPlantains, Single\n\n$2.84/1kg"},{"image":"https://assets.shop.loblaws.ca/products/20767998001/b3/en/front/20767998001_front_a06_@2.png","text":"$7.99\n\nFarmer's Market\n\nGala Apples\n\n4 lb bag, $0.44/100g"},{"image":"https://assets.shop.loblaws.ca/products/20039956001/b3/en/front/20039956001_front_a06_@2.png","text":"about $1.10\n\nMcIntosh Apples\n\n$5.49/1kg"},{"image":"https://assets.shop.loblaws.ca/products/20002393001/b3/en/front/20002393001_front_a06_@2.png","text":"about $1.98\n\nTangerine\n\n$5.49/1kg"},{"image":"https://assets.shop.loblaws.ca/products/20067027001/b3/en/front/20067027001_front_a06_@2.png","text":"about $0.88\n\nEmpire Apples\n\n$5.49/1kg"},{"image":"https://assets.shop.loblaws.ca/products/20139417001/b3/en/front/20139417001_front_a06_@2.png","text":"$1.99\n\nFuyu Persimmon\n\n1 ea, $1.99/1ea"},{"image":"https://assets.shop.loblaws.ca/products/20151701001/b3/en/front/20151701001_front_a06_@2.png","text":"$3.99\n\nAlphonso mango\n\n1 ea, $3.99/1ea"},{"image":"https://assets.shop.loblaws.ca/products/20029374001/b3/en/front/20029374001_front_a06_@2.png","text":"about $4.00\n\nLychee\n\n$8.80/1kg"},{"image":"https://assets.shop.loblaws.ca/products/20965690001/b3/en/front/20965690001_front_a06_@2.png","text":"$3.99\n\nAtemoya\n\n1 ea, $3.99/1ea"},{"image":"https://assets.shop.loblaws.ca/products/20072801001/b3/en/front/20072801001_front_a06_@2.png","text":"about $22.00\n\nDurian, Frozen\n\n$11.00/1kg"},{"image":"https://assets.shop.loblaws.ca/products/20081682001/b3/en/front/20081682001_front_a06_@2.png","text":"$0.99\n\nBlack Figs\n\n1 ea, $0.99/1ea"},{"image":"https://assets.shop.loblaws.ca/products/21023094001/b3/en/front/21023094001_front_a06_@2.png","text":"about $8.35\n\nSanta Claus Melons\n\n$4.39/1kg"},{"image":"https://assets.shop.loblaws.ca/products/20985015001/b3/en/front/20985015001_front_a06_@2.png","text":"$6.99\n\nFlavour Burst Sungold Golden Kiwi\n\n454 g, $1.54/100g"},{"image":"https://assets.shop.loblaws.ca/products/21204248/b3/en/front/21204248_front_a06_@2.png","text":"$2.99\n\nPresident's Choice\n\nColeslaw\n\n397 g, $0.75/100g"},{"image":"https://assets.shop.loblaws.ca/products/21203746/b3/en/front/21203746_front_a06_@2.png","text":"$3.99\n\nPresident's Choice\n\nBaby Spinach\n\n0.142 kg, $2.81/100g"},{"image":"https://assets.shop.loblaws.ca/products/21204386/b3/en/front/21204386_front_a06_@2.png","text":"$5.99\n\nPresident's Choice\n\nBaby Spinach\n\n0.312 kg, $1.92/100g"},{"image":"https://assets.shop.loblaws.ca/products/20674118/b3/en/front/20674118_front_a06_@2.png","text":"$4.99\n\nEat Smart\n\nSweet Kale Salad Kit\n\n340 g, $1.47/100g\n\n2 FOR $9.00"},{"image":"https://assets.shop.loblaws.ca/products/20305277/b3/en/front/20305277_front_a06_@2.png","text":"$4.99\n\nPC Organics\n\nOrganics Baby Spinach\n\n142 g, $3.51/100g"},{"image":"https://assets.shop.loblaws.ca/products/21204304/b3/en/front/21204304_front_a06_@2.png","text":"$3.99\n\nPresident's Choice\n\nGarden Salad\n\n0.34 kg, $1.17/100g"},{"image":"https://assets.shop.loblaws.ca/products/20127207/b3/en/front/20127207_front_a06_@2.png","text":"$6.99\n\nPC Organics\n\nOrganics Baby Spinach\n\n312 g, $2.24/100g"},{"image":"https://assets.shop.loblaws.ca/products/21203748/b3/en/front/21203748_front_a06_@2.png","text":"$3.99\n\nPresident's Choice\n\nSpring Mix\n\n0.142 kg, $2.81/100g"},{"image":"https://assets.shop.loblaws.ca/products/21335159/b3/en/front/21335159_front_a06_@2.png","text":"$4.99\n\nTaylor Farms\n\nDill Pickle Chopped Salad Kit\n\n341 g, $1.50/100g\n\n2 FOR $9.00"},{"image":"https://assets.shop.loblaws.ca/products/21334801/b3/en/front/21334801_front_a06_@2.png","text":"$4.99\n\nPresident's Choice\n\nCaesar Salad Kit\n\n282 g, $1.77/100g"},{"image":"https://assets.shop.loblaws.ca/products/21204385/b3/en/front/21204385_front_a06_@2.png","text":"$5.99\n\nPresident's Choice\n\nSpring Mix\n\n0.312 kg, $1.92/100g"},{"image":"https://assets.shop.loblaws.ca/products/21203743/b3/en/front/21203743_front_a06_@2.png","text":"$3.99\n\nPresident's Choice\n\nArugula\n\n0.142 kg, $2.81/100g"},{"image":"https://assets.shop.loblaws.ca/products/20959677/b3/en/front/20959677_front_a06_@2.png","text":"$1.99\n\nCooking Spinach\n\n227 g, $0.88/100g"},{"image":"https://assets.shop.loblaws.ca/products/20314039/b3/en/front/20314039_front_a06_@2.png","text":"$4.99\n\nPC Organics\n\nBaby Arugula\n\n142 g, $3.51/100g"},{"image":"https://assets.shop.loblaws.ca/products/20323751/b3/en/front/20323751_front_a06_@2.png","text":"$6.99\n\nPC Organics\n\nOrganics Field Greens Salad Mix\n\n312 g, $2.24/100g"},{"image":"https://assets.shop.loblaws.ca/products/21378027/b3/en/front/21378027_front_a06_@2.png","text":"$4.99\n\nPresident's Choice\n\nSalad Kit Chopped Sesame Wonton\n\n347 g, $1.44/100g"},{"image":"https://assets.shop.loblaws.ca/products/21204253/b3/en/front/21204253_front_a06_@2.png","text":"$4.99\n\nPresident's Choice\n\n50-50 Blend - A Blend of Baby Spinach and Field Greens\n\n0.283 kg, $1.76/100g"},{"image":"https://assets.shop.loblaws.ca/products/21333977/b3/en/front/21333977_front_a06_@2.png","text":"$4.99\n\nPC Blue Menu\n\nCaesar Salad Kit\n\n282 g, $1.76/100g"},{"image":"https://assets.shop.loblaws.ca/products/21378071/b3/en/front/21378071_front_a06_@2.png","text":"$4.99\n\nPresident's Choice\n\nChipotle Ranch Chop Salad Kit\n\n340 g, $1.47/100g"},{"image":"https://assets.shop.loblaws.ca/products/21203744/b3/en/front/21203744_front_a06_@2.png","text":"$3.99\n\nPresident's Choice\n\nBaby Arugula Spinach Blend\n\n0.142 kg, $2.81/100g"},{"image":"https://assets.shop.loblaws.ca/products/21448996/b3/en/front/21448996_front_a06_@2.png","text":"$4.99\n\nPresident's Choice\n\nChopped Mexican Style Street Corn Salad Kit\n\n285 g, $1.75/100g"},{"image":"https://assets.shop.loblaws.ca/products/21204034/b3/en/front/21204034_front_a06_@2.png","text":"$3.99\n\nPresident's Choice\n\nRomaine Salad\n\n0.255 kg, $1.56/100g"},{"image":"https://assets.shop.loblaws.ca/products/21378085/b3/en/front/21378085_front_a06_@2.png","text":"$4.99\n\nPresident's Choice\n\nCaesar Salad Chop Kit\n\n298 g, $1.67/100g"},{"image":"https://assets.shop.loblaws.ca/products/20312523/b3/en/front/20312523_front_a06_@2.png","text":"$4.99\n\nPC Organics\n\nOrganics Field Greens Salad Mix\n\n142 g, $3.51/100g"},{"image":"https://assets.shop.loblaws.ca/products/20961110/b3/en/front/20961110_front_a06_@2.png","text":"$3.49\n\nPresident's Choice\n\nBroccoli Slaw\n\n340 g, $1.03/100g"},{"image":"https://assets.shop.loblaws.ca/products/20960988/b3/en/front/20960988_front_a06_@2.png","text":"$3.49\n\nPresident's Choice\n\nKale Slaw\n\n340 g, $1.03/100g"},{"image":"https://assets.shop.loblaws.ca/products/21378024/b3/en/front/21378024_front_a06_@2.png","text":"$4.99\n\nPresident's Choice\n\nBacon Caesar Chop Salad Kit\n\n326 g, $1.53/100g"},{"image":"https://assets.shop.loblaws.ca/products/21335140/b3/en/front/21335140_front_a06_@2.png","text":"$4.99\n\nTaylor Farms\n\nEverything Chopped Salad Kit\n\n336 g, $1.49/100g\n\n2 FOR $9.00"},{"image":"https://assets.shop.loblaws.ca/products/21381575/b3/en/front/21381575_front_a06_@2.png","text":"$4.99\n\nTaylor Farms\n\nBuffalo Ranch Chopped Salad Kit\n\n383 g, $1.30/100g\n\n2 FOR $9.00"},{"image":"https://assets.shop.loblaws.ca/products/21381584/b3/en/front/21381584_front_a06_@2.png","text":"$4.99\n\nTaylor Farms\n\nBroccoli Crunch Chopped Salad Kit\n\n360 g, $1.39/100g\n\n2 FOR $9.00"},{"image":"https://assets.shop.loblaws.ca/products/21378122/b3/en/front/21378122_front_a06_@2.png","text":"$4.99\n\nPresident's Choice\n\nLoads Of Garlic Caesar Salad Kit\n\n319 g, $1.56/100g"},{"image":"https://assets.shop.loblaws.ca/products/21414456/b3/en/front/21414456_front_a06_@2.png","text":"$4.99\n\nTaylor Farms\n\nMaple Bourbon Bacon Chopped Salad Kit\n\n315 g, $1.58/100g\n\n2 FOR $9.00"},{"image":"https://assets.shop.loblaws.ca/products/21378038/b3/en/front/21378038_front_a06_@2.png","text":"$4.99\n\nPresident's Choice\n\nBarbecue Ranch Chopped Salad Kit\n\n369 g, $1.35/100g"},{"image":"https://assets.shop.loblaws.ca/products/20104062/b3/en/front/20104062_front_a06_@2.png","text":"$8.99\n\nPopeye Select Spinach\n\n1 kg, $0.80/100g"},{"image":"https://assets.shop.loblaws.ca/products/21378098/b3/en/front/21378098_front_a06_@2.png","text":"$4.99\n\nPresident's Choice\n\nSouthwest Salad Kit\n\n369 g, $1.35/100g"},{"image":"https://assets.shop.loblaws.ca/products/20322970/b3/en/front/20322970_front_a06_@2.png","text":"$4.99\n\nMarzetti\n\nVeggie Dip, Ranch\n\n340 g, $1.47/100g"},{"image":"https://assets.shop.loblaws.ca/products/21378031/b3/en/front/21378031_front_a06_@2.png","text":"$4.99\n\nPresident's Choice\n\nAvocado Ranch Chopped Salad Kit\n\n347 g, $1.44/100g"},{"image":"https://assets.shop.loblaws.ca/products/21334788/b3/en/front/21334788_front_a06_@2.png","text":"$6.99\n\nPresident's Choice\n\nCaesar Salad Kit\n\n586 g, $1.19/100g"},{"image":"https://assets.shop.loblaws.ca/products/21203751/b3/en/front/21203751_front_a06_@2.png","text":"$3.99\n\nPresident's Choice\n\nSweet Baby Lettuce\n\n142 g, $2.81/100g"},{"image":"https://assets.shop.loblaws.ca/products/21204300/b3/en/front/21204300_front_a06_@2.png","text":"$3.99\n\nPresident's Choice\n\nMixed Greens\n\n0.34 kg, $1.17/100g"},{"image":"https://assets.shop.loblaws.ca/products/21020913/b3/en/front/21020913_front_a06_@2.png","text":"$4.99\n\nPC Organics\n\nArugula & Baby Spinach Salad Mix\n\n142 g, $3.51/100g"},{"image":"https://assets.shop.loblaws.ca/products/21381581/b3/en/front/21381581_front_a06_@2.png","text":"$4.99\n\nTaylor Farms\n\nGuacamole Crunch Chopped Salad Kit\n\n319 g, $1.56/100g\n\n2 FOR $9.00"},{"image":"https://assets.shop.loblaws.ca/products/21381577/b3/en/front/21381577_front_a06_@2.png","text":"$4.99\n\nTaylor Farms\n\nThai Chili Mango Chopped Salad Kit\n\n319 g, $1.56/100g\n\n2 FOR $9.00"},{"image":"https://assets.shop.loblaws.ca/products/21400663/b3/en/front/21400663_front_a06_@2.png","text":"$4.99\n\nMarzetti\n\nMarzetti Chocolate Dip 250g\n\n250 g, $2.00/100g"},{"image":"https://assets.shop.loblaws.ca/products/20080394/b3/en/front/20080394_front_a06_@2.png","text":"$4.99\n\nMarzetti\n\nFruit Dip, Cream Cheese\n\n255 g, $1.96/100g"},{"image":"https://assets.shop.loblaws.ca/products/21543041/b3/en/front/21543041_front_a06_@2.png","text":"New\n\n$4.99\n\nTaylor Farms\n\nChopped Salad Kit, Vegetable Blend with Plant Based Salad Dressing\n\n0.328 kg, $1.52/100g"},{"image":"https://assets.shop.loblaws.ca/products/20302834/b3/en/front/20302834_front_a06_@2.png","text":"$4.99\n\nMarzetti\n\nVeggie Dip, Spinach\n\n340 g, $1.47/100g"},{"image":"https://assets.shop.loblaws.ca/products/21204250/b3/en/front/21204250_front_a06_@2.png","text":"$6.99\n\nPresident's Choice\n\nChopped Romaine\n\n0.907 kg, $0.77/100g"},{"image":"https://assets.shop.loblaws.ca/products/20810898/b3/en/front/20810898_front_a06_@2.png","text":"$4.99\n\nDuda Farms\n\nDuda Celery Sticks\n\n454 g, $1.10/100g"},{"image":"https://assets.shop.loblaws.ca/products/20562729/b3/en/front/20562729_front_a06_@2.png","text":"$7.99\n\nPresident's Choice\n\nVegetable Medley\n\n907 g, $0.88/100g"},{"image":"https://assets.shop.loblaws.ca/products/20873228/b3/en/front/20873228_front_a06_@2.png","text":"$3.99\n\nLove Beets\n\nCooked Beets\n\n250 g, $1.60/100g"},{"image":"https://assets.shop.loblaws.ca/products/21196543/b3/en/front/21196543_front_a06_@2.png","text":"$4.00\n\nSweet Peas\n\n400 g, $1.00/100g"},{"image":"https://assets.shop.loblaws.ca/products/20844433/b3/en/front/20844433_front_a06_@2.png","text":"$5.00\n\nDel Monte\n\nCored Pineapple\n\n500 g, $1.00/100g"},{"image":"https://assets.shop.loblaws.ca/products/20091825001/b3/en/front/20091825001_front_a06_@2.png","text":"$0.99\n\nCilantro\n\n1 bunch, $0.99/1ea"},{"image":"https://assets.shop.loblaws.ca/products/20139141001/b3/en/front/20139141001_front_a06_@2.png","text":"$1.99\n\nItalian Parsley\n\n1 bunch, $1.99/1ea"},{"image":"https://assets.shop.loblaws.ca/products/20015746001/b3/en/front/20015746001_front_a06_@2.png","text":"$1.99\n\nCurly Parsley\n\n1 bunch, $1.99/1ea"},{"image":"https://assets.shop.loblaws.ca/products/21184888/b3/en/front/21184888_front_a06_@2.png","text":"$2.49\n\nPresident's Choice\n\nThyme\n\n28 g"},{"image":"https://assets.shop.loblaws.ca/products/21184843/b3/en/front/21184843_front_a06_@2.png","text":"$2.49\n\nPresident's Choice\n\nRosemary\n\n28 g"},{"image":"https://assets.shop.loblaws.ca/products/20185183001/b3/en/front/20185183001_front_a06_@2.png","text":"$2.49\n\nFresh Dill, Baby\n\n1 bunch, $2.49/1ea"},{"image":"https://assets.shop.loblaws.ca/products/21184860/b3/en/front/21184860_front_a06_@2.png","text":"$2.49\n\nPresident's Choice\n\nSage\n\n28 g"},{"image":"https://assets.shop.loblaws.ca/products/21184798/b3/en/front/21184798_front_a06_@2.png","text":"$2.49\n\nPresident's Choice\n\nBasil\n\n28 g"},{"image":"https://assets.shop.loblaws.ca/products/21184842/b3/en/front/21184842_front_a06_@2.png","text":"$2.49\n\nPresident's Choice\n\nFresh Poultry Herb Blend\n\n28 g"},{"image":"https://assets.shop.loblaws.ca/products/20139326001/b3/en/front/20139326001_front_a06_@2.png","text":"sale\n$0.99\n\nwas\n$1.49\n\nMint, Fresh\n\n1 bunch, $0.99/1ea\n\nSAVE $0.50"},{"image":"https://assets.shop.loblaws.ca/products/21184809/b3/en/front/21184809_front_a06_@2.png","text":"$2.49\n\nPresident's Choice\n\nChives\n\n28 g"},{"image":"https://assets.shop.loblaws.ca/products/21184835/b3/en/front/21184835_front_a06_@2.png","text":"$2.49\n\nPresident's Choice\n\nMint\n\n28 g"},{"image":"https://assets.shop.loblaws.ca/products/20937494/b3/en/front/20937494_front_a06_@2.png","text":"$2.49\n\nPC Organics\n\nOrganic Rosemary\n\n20 g"},{"image":"https://assets.shop.loblaws.ca/products/21184812/b3/en/front/21184812_front_a06_@2.png","text":"$2.49\n\nPresident's Choice\n\nDill\n\n28 g"},{"image":"https://assets.shop.loblaws.ca/products/21184893/b3/en/front/21184893_front_a06_@2.png","text":"$3.99\n\nPresident's Choice\n\nBasil\n\n80 g"},{"image":"https://assets.shop.loblaws.ca/products/21184838/b3/en/front/21184838_front_a06_@2.png","text":"$2.49\n\nPresident's Choice\n\nOregano\n\n28 g"},{"image":"https://assets.shop.loblaws.ca/products/21184810/b3/en/front/21184810_front_a06_@2.png","text":"$2.49\n\nPresident's Choice\n\nCilantro\n\n28 g"},{"image":"https://assets.shop.loblaws.ca/products/20914801/b3/en/front/20914801_front_a06_@2.png","text":"$2.49\n\nPC Organics\n\nOrganic Basil\n\n20 g"},{"image":"https://assets.shop.loblaws.ca/products/21184886/b3/en/front/21184886_front_a06_@2.png","text":"$2.49\n\nPresident's Choice\n\nTarragon\n\n28 g"},{"image":"https://assets.shop.loblaws.ca/products/20915386/b3/en/front/20915386_front_a06_@2.png","text":"$2.49\n\nPC Organics\n\nOrganic Mint\n\n20 g"},{"image":"https://assets.shop.loblaws.ca/products/20915665/b3/en/front/20915665_front_a06_@2.png","text":"$2.49\n\nPC Organics\n\nOrganic Chives\n\n20 g, $12.45/100g"},{"image":"https://assets.shop.loblaws.ca/products/21212481/b3/en/front/21212481_front_a06_@2.png","text":"$2.49\n\nPresident's Choice\n\nBay Leaf\n\n28 g"},{"image":"https://assets.shop.loblaws.ca/products/21507114/b3/en/front/21507114_front_a06_@2.png","text":"$4.99\n\nGourmet Garden\n\nPaste Ginger\n\n80 g, $6.24/100g"},{"image":"https://assets.shop.loblaws.ca/products/21507087/b3/en/front/21507087_front_a06_@2.png","text":"$4.99\n\nGourmet Garden\n\nPaste Garlic\n\n80 g, $6.24/100g"},{"image":"https://assets.shop.loblaws.ca/products/21004586/b3/en/front/21004586_front_a06_@2.png","text":"$4.99\n\nGourmet Garden\n\nLightly Dried Parsley\n\n10 g, $49.90/100g"},{"image":"https://assets.shop.loblaws.ca/products/21212482/b3/en/front/21212482_front_a06_@2.png","text":"$2.49\n\nPresident's Choice\n\nSavory\n\n28 g"},{"image":"https://assets.shop.loblaws.ca/products/21507077/b3/en/front/21507077_front_a06_@2.png","text":"$4.99\n\nGourmet Garden\n\nPaste Basil\n\n80 g, $6.24/100g"},{"image":"https://assets.shop.loblaws.ca/products/21004692/b3/en/front/21004692_front_a06_@2.png","text":"$4.99\n\nGourmet Garden\n\nLightly Dried Basil\n\n12 g, $41.58/100g"},{"image":"https://assets.shop.loblaws.ca/products/21507080/b3/en/front/21507080_front_a06_@2.png","text":"$4.99\n\nGourmet Garden\n\nPaste Chunky Garlic\n\n80 g, $6.24/100g"},{"image":"https://assets.shop.loblaws.ca/products/21507126/b3/en/front/21507126_front_a06_@2.png","text":"$4.99\n\nGourmet Garden\n\nPaste Cilantro\n\n80 g, $6.24/100g"},{"image":"https://assets.shop.loblaws.ca/products/21004700/b3/en/front/21004700_front_a06_@2.png","text":"$4.99\n\nGourmet Garden\n\nLightly Dried Cilantro\n\n10 g, $49.90/100g"},{"image":"https://assets.shop.loblaws.ca/products/21507494/b3/en/front/21507494_front_a06_@2.png","text":"$4.99\n\nGourmet Garden\n\nPaste Lemongrass\n\n80 g, $6.24/100g"},{"image":"https://assets.shop.loblaws.ca/products/21507117/b3/en/front/21507117_front_a06_@2.png","text":"$4.99\n\nGourmet Garden\n\nPaste Italian Herbs\n\n80 g, $6.24/100g"},{"image":"https://assets.shop.loblaws.ca/products/21507125/b3/en/front/21507125_front_a06_@2.png","text":"$4.99\n\nGourmet Garden\n\nPaste Thai Seasoning\n\n80 g, $6.24/100g"},{"image":"https://assets.shop.loblaws.ca/products/21004691/b3/en/front/21004691_front_a06_@2.png","text":"$4.99\n\nGourmet Garden\n\nLightly Dried, Ginger Bowl\n\n220 g, $22.68/100g"},{"image":"https://assets.shop.loblaws.ca/products/20996039/b3/en/front/20996039_front_a06_@2.png","text":"$5.99\n\nNo Name\n\nRoasted Peanuts, No Salt\n\n907 g, $0.66/100g"},{"image":"https://assets.shop.loblaws.ca/products/20001686/b3/en/front/20001686_front_a06_@2.png","text":"sale\n$8.88\n\nwas\n$12.99\n\nDates Medjool\n\n907 g, $0.98/100g\n\nSAVE $4.11"},{"image":"https://assets.shop.loblaws.ca/products/20123893001/b3/en/front/20123893001_front_a06_@2.png","text":"$0.44\n\nWalnuts\n\n$0.88/100g"},{"image":"https://assets.shop.loblaws.ca/products/20293477/b3/en/front/20293477_front_a06_@2.png","text":"$12.00\n\nNo Name\n\nRoasted Peanuts In Shell\n\n2 kg, $0.60/100g"},{"image":"https://assets.shop.loblaws.ca/products/20061606001/b3/en/front/20061606001_front_a06_@2.png","text":"$0.77\n\nLarge Chestnuts\n\n$1.54/100g"},{"image":"https://assets.shop.loblaws.ca/products/20940014/b3/en/front/20940014_front_a06_@2.png","text":"$4.99\n\nPresident's Choice\n\nSalted California Pistachios\n\n225 g, $2.22/100g"},{"image":"https://assets.shop.loblaws.ca/products/20037690/b3/en/front/20037690_front_a06_@2.png","text":"$3.49\n\nDried Turkish Apricots\n\n200 g, $1.75/100g"},{"image":"https://assets.shop.loblaws.ca/products/20339219/b3/en/front/20339219_front_a06_@2.png","text":"$5.49\n\nParamount\n\nPistachios, Salt & Pepper\n\n200 g, $2.75/100g"},{"image":"https://assets.shop.loblaws.ca/products/21085963001/b3/en/front/21085963001_front_a06_@2.png","text":"$5.49\n\nParamount\n\nWonderful Pistachios, Roasted & Salted\n\n225 g, $2.44/100g"},{"image":"https://assets.shop.loblaws.ca/products/20629481/b3/en/front/20629481_front_a06_@2.png","text":"$5.49\n\nParamount\n\nWonderful Pistachios, Sweet Chili\n\n200 g, $2.75/100g"},{"image":"https://assets.shop.loblaws.ca/products/20599942/b3/en/front/20599942_front_a06_@2.png","text":"$2.79\n\nAurora\n\nDried Turkish Figs\n\n200 g, $1.40/100g"},{"image":"https://assets.shop.loblaws.ca/products/20048750/b3/en/front/20048750_front_a06_@2.png","text":"$9.99\n\nPresident's Choice\n\nSalted California Pistachios\n\n454 g, $2.20/100g"},{"image":"https://assets.shop.loblaws.ca/products/20772841/b3/en/front/20772841_front_a06_@2.png","text":"$5.99\n\nPitted Honey Dates\n\n907 g, $0.66/100g"},{"image":"https://assets.shop.loblaws.ca/products/20997920/b3/en/front/20997920_front_a06_@2.png","text":"$4.49\n\nPresident's Choice\n\nSalted Virginia Peanuts\n\n454 g, $0.99/100g"},{"image":"https://assets.shop.loblaws.ca/products/20940332/b3/en/front/20940332_front_a06_@2.png","text":"$4.99\n\nPC Blue Menu\n\nUnsalted California Pistachios\n\n225 g, $2.22/100g"},{"image":"https://assets.shop.loblaws.ca/products/21220378/b3/en/front/21220378_front_a06_@2.png","text":"$7.99\n\nParamount\n\nPistachios No Shells Roasted Light Salt\n\n170 g, $4.70/100g"},{"image":"https://assets.shop.loblaws.ca/products/21004489001/b3/en/front/21004489001_front_a06_@2.png","text":"$10.99\n\nParamount\n\nPistachios, Roasted Salted\n\n450 g, $2.44/100g"},{"image":"https://assets.shop.loblaws.ca/products/20126522/b3/en/front/20126522_front_a06_@2.png","text":"$9.99\n\nPC Blue Menu\n\nUnsalted California Pistachios\n\n454 g, $2.20/100g"},{"image":"https://assets.shop.loblaws.ca/products/20649802/b3/en/front/20649802_front_a06_@2.png","text":"$1.99\n\nAurora\n\nRoasted Chestnuts\n\n100 g, $1.99/100g"},{"image":"https://assets.shop.loblaws.ca/products/20281762/b3/en/front/20281762_front_a06_@2.png","text":"$2.99\n\nAurora\n\nSundried Tomatoes\n\n85 g, $3.32/100g"},{"image":"https://assets.shop.loblaws.ca/products/21220373/b3/en/front/21220373_front_a06_@2.png","text":"$7.99\n\nParamount\n\nPistachios No Shells Chili Roasted\n\n155 g, $5.15/100g"},{"image":"https://assets.shop.loblaws.ca/products/20029024/b3/en/front/20029024_front_a06_@2.png","text":"$3.49\n\nHoney Pitted Dates\n\n350 g, $1.00/100g"},{"image":"https://assets.shop.loblaws.ca/products/21018439/b3/en/front/21018439_front_a06_@2.png","text":"$5.49\n\nParamount\n\nPistachios, Roasted & Unsalted\n\n225 g, $2.44/100g"},{"image":"https://assets.shop.loblaws.ca/products/20337067/b3/en/front/20337067_front_a06_@2.png","text":"$10.99\n\nOrganic Medjool Dates\n\n454 g, $2.42/100g"},{"image":"https://assets.shop.loblaws.ca/products/21368101/b3/en/front/21368101_front_a06_@2.png","text":"$7.99\n\nParamount\n\nNo shell Pistachios, Sea Salt & Vinegar\n\n155 g, $5.15/100g"},{"image":"https://assets.shop.loblaws.ca/products/21217809001/b3/en/front/21217809001_front_a06_@2.png","text":"$6.99\n\nOrganic Dates\n\n340 g, $2.06/100g"},{"image":"https://assets.shop.loblaws.ca/products/21220375/b3/en/front/21220375_front_a06_@2.png","text":"$7.99\n\nParamount\n\nPistachios No Shells Honey Roasted\n\n155 g, $5.15/100g"},{"image":"https://assets.shop.loblaws.ca/products/21087137001/b3/en/front/21087137001_front_a06_@2.png","text":"$7.99\n\nWonderful Pistachios, Shelled\n\n170 g, $4.70/100g"},{"image":"https://assets.shop.loblaws.ca/products/21127686/b3/en/front/21127686_front_a06_@2.png","text":"$8.99\n\n7D\n\nDried Mangos\n\n140 g, $6.42/100g"},{"image":"https://assets.shop.loblaws.ca/products/21469201/b3/en/front/21469201_front_a06_@2.png","text":"$7.99\n\nPresident's Choice\n\nDry-Roasted Sea Salt Pistachios\n\n170 g, $4.70/100g"},{"image":"https://assets.shop.loblaws.ca/products/21544715/b3/en/front/21544715_front_a06_@2.png","text":"$7.99\n\nParamount\n\nSea Salt & Pepper Pistachios No Shells\n\n155 g, $5.15/100g"},{"image":"https://assets.shop.loblaws.ca/products/21368090/b3/en/front/21368090_front_a06_@2.png","text":"$7.99\n\nParamount\n\nNo shell BBQ Pistachios\n\n155 g, $5.15/100g"},{"image":"https://assets.shop.loblaws.ca/products/20110087/b3/en/front/20110087_front_a06_@2.png","text":"$9.99\n\nCoconut Rolled Medjool Dates\n\n340 g, $2.94/100g"},{"image":"https://assets.shop.loblaws.ca/products/21469218/b3/en/front/21469218_front_a06_@2.png","text":"$7.99\n\nPresident's Choice\n\nHoney Roasted Pistachios\n\n155 g, $5.15/100g"},{"image":"https://assets.shop.loblaws.ca/products/21284822/b3/en/front/21284822_front_a06_@2.png","text":"$5.99\n\nPremium California Mission Figs\n\n227 g, $2.64/100g"},{"image":"https://assets.shop.loblaws.ca/products/20079335001/b3/en/front/20079335001_front_a06_@2.png","text":"$0.33\n\nRaw Chestnuts\n\n$0.66/100g"},{"image":"https://assets.shop.loblaws.ca/products/21313459001/b3/en/front/21313459001_front_a06_@2.png","text":"$5.99\n\nPresident's Choice\n\nMixed Nuts\n\n0.454 kg, $1.32/100g"},{"image":"https://assets.shop.loblaws.ca/products/20926984001/b3/en/front/20926984001_front_a06_@2.png","text":"about $10.10\n\nFresh Yellow Dates\n\n$24.23/1kg"},{"image":"https://assets.shop.loblaws.ca/products/21418488001/b3/en/front/21418488001_front_a06_@2.png","text":"$9.99\n\nChestnuts\n\n454 g, $2.20/100g"},{"image":"https://assets.shop.loblaws.ca/products/20079727/b3/en/front/20079727_front_a06_@2.png","text":"$5.99\n\nAmira\n\nDates\n\n1 kg, $0.60/100g"},{"image":"https://assets.shop.loblaws.ca/products/21313449001/b3/en/front/21313449001_front_a06_@2.png","text":"$4.99\n\nPresident's Choice\n\nWalnuts\n\n0.454 kg, $1.10/100g"},{"image":"https://assets.shop.loblaws.ca/products/20703241/b3/en/front/20703241_front_a06_@2.png","text":"$2.50\n\nAmira\n\nDate, Deglet Nour\n\n400 g, $0.63/100g"},{"image":"https://assets.shop.loblaws.ca/products/20416963/b3/en/front/20416963_front_a06_@2.png","text":"$1.49\n\nCompass Tunisian Dates\n\n200 g, $0.75/100g"},{"image":"https://assets.shop.loblaws.ca/products/20145045/b3/en/front/20145045_front_a06_@2.png","text":"$1.50\n\nAmira\n\nDeglet Noor Dates\n\n200 g, $0.75/100g"},{"image":"https://assets.shop.loblaws.ca/products/21212151001/b3/en/front/21212151001_front_a06_@2.png","text":"$6.99\n\nPresident's Choice\n\nHazelnuts in Shell\n\n0.454 kg, $1.54/100g"},{"image":"https://assets.shop.loblaws.ca/products/20639926/b3/en/front/20639926_front_a06_@2.png","text":"$7.49\n\nLactantia\n\nFresh Churned Butter, Salted\n\n454 g, $1.65/100g"},{"image":"https://assets.shop.loblaws.ca/products/20325029/b3/en/front/20325029_front_a06_@2.png","text":"$6.49\n\nNo Name\n\nSalted Butter\n\n454 g, $1.43/100g"},{"image":"https://assets.shop.loblaws.ca/products/20559408/b3/en/front/20559408_front_a06_@2.png","text":"$7.79\n\nGay Lea\n\nSalted Butter\n\n454 g, $1.72/100g"},{"image":"https://assets.shop.loblaws.ca/products/20316543002/b3/en/front/20316543002_front_a06_@2.png","text":"$6.49\n\nNo Name\n\nUnsalted Butter\n\n454 g, $1.43/100g"},{"image":"https://assets.shop.loblaws.ca/products/20296112005/b3/en/front/20296112005_front_a06_@2.png","text":"$7.49\n\nLactantia\n\nUnsalted Butter\n\n454 g, $1.65/100g"},{"image":"https://assets.shop.loblaws.ca/products/20559466/b3/en/front/20559466_front_a06_@2.png","text":"$7.79\n\nGay Lea\n\nUnsalted Butter\n\n454 g, $1.72/100g"},{"image":"https://assets.shop.loblaws.ca/products/20297818002/b3/en/front/20297818002_front_a06_@2.png","text":"$8.99\n\nBecel\n\nMargarine Original\n\n850 g, $1.06/100g"},{"image":"https://assets.shop.loblaws.ca/products/20313456001/b3/en/front/20313456001_front_a06_@2.png","text":"sale\n$7.00\n\nwas\n$7.29\n\nPresident's Choice\n\nCountry Churned Unsalted Butter\n\n454 g, $1.54/100g\n\nSAVE $0.29"},{"image":"https://assets.shop.loblaws.ca/products/20313456002/b3/en/front/20313456002_front_a06_@2.png","text":"sale\n$7.00\n\nwas\n$7.29\n\nPresident's Choice\n\nCountry Churned Salted Butter\n\n454 g, $1.54/100g\n\nSAVE $0.29"},{"image":"https://assets.shop.loblaws.ca/products/21279389/b3/en/front/21279389_front_a06_@2.png","text":"$8.99\n\nBecel\n\nMargarine with Olive Oil\n\n850 g, $1.06/100g"},{"image":"https://assets.shop.loblaws.ca/products/20061949001/b3/en/front/20061949001_front_a06_@2.png","text":"$3.29\n\nI Can't Believe It's Not Butter!\n\nMargarine Spread\n\n454 g, $0.77/100g"},{"image":"https://assets.shop.loblaws.ca/products/20315960/b3/en/front/20315960_front_a06_@2.png","text":"$8.00\n\nLactantia\n\nButter Sticks, Salted\n\n4x113.0 g, $1.77/100g"},{"image":"https://assets.shop.loblaws.ca/products/20322707001/b3/en/front/20322707001_front_a06_@2.png","text":"$4.99\n\nBecel\n\nMargarine Original\n\n427 g, $1.17/100g"},{"image":"https://assets.shop.loblaws.ca/products/20084892/b3/en/front/20084892_front_a06_@2.png","text":"$6.99\n\nImperial\n\nMargarine Club Pack\n\n1.275 kg, $0.55/100g"},{"image":"https://assets.shop.loblaws.ca/products/21279333/b3/en/front/21279333_front_a06_@2.png","text":"$8.99\n\nBecel\n\nMargarine Vegan\n\n850 g, $1.06/100g"},{"image":"https://assets.shop.loblaws.ca/products/20056675/b3/en/front/20056675_front_a06_@2.png","text":"$8.00\n\nLactantia\n\nMy Country Butter Sticks, Unsalted\n\n4x113.5 g, $1.76/100g"},{"image":"https://assets.shop.loblaws.ca/products/21279391/b3/en/front/21279391_front_a06_@2.png","text":"$4.99\n\nBecel\n\nMargarine with Olive Oil\n\n454 g, $1.17/100g"},{"image":"https://assets.shop.loblaws.ca/products/20106744/b3/en/front/20106744_front_a06_@2.png","text":"$3.99\n\nLactantia\n\nProvencal Garlic Butter\n\n125 g, $3.19/100g"},{"image":"https://assets.shop.loblaws.ca/products/20604430/b3/en/front/20604430_front_a06_@2.png","text":"$5.99\n\nPC Blue Menu\n\nBlue Menu Margarine with Olive Oil\n\n907 g, $0.66/100g"},{"image":"https://assets.shop.loblaws.ca/products/21044725/b3/en/front/21044725_front_a06_@2.png","text":"$8.99\n\nBecel\n\nMargarine with Avocado Oil\n\n850 g, $1.06/100g"},{"image":"https://assets.shop.loblaws.ca/products/20119926002/b3/en/front/20119926002_front_a06_@2.png","text":"$5.79\n\nGay Lea\n\nSpreadables Butter With Canola Oil\n\n227 g, $2.55/100g"},{"image":"https://assets.shop.loblaws.ca/products/21088940/b3/en/front/21088940_front_a06_@2.png","text":"$4.99\n\nBecel\n\nMargarine Unsalted Plant-Based Sticks\n\n454 g, $1.10/100g"},{"image":"https://assets.shop.loblaws.ca/products/21279330/b3/en/front/21279330_front_a06_@2.png","text":"$4.99\n\nBecel\n\nMargarine Vegan\n\n427 g, $1.17/100g"},{"image":"https://assets.shop.loblaws.ca/products/21088919/b3/en/front/21088919_front_a06_@2.png","text":"$4.99\n\nBecel\n\nMargarine Salted Plant-Based Sticks\n\n454 g, $1.10/100g"},{"image":"https://assets.shop.loblaws.ca/products/21381941/b3/en/front/21381941_front_a06_@2.png","text":"$4.79\n\nPresident's Choice\n\nPlant Based Butter Alternative Salted\n\n454 g, $1.06/100g"},{"image":"https://assets.shop.loblaws.ca/products/20297818003/b3/en/front/20297818003_front_a06_@2.png","text":"$8.99\n\nBecel\n\nCalorie-Reduced Margarine Light\n\n907 g, $1.06/100g"},{"image":"https://assets.shop.loblaws.ca/products/21535351/b3/en/front/21535351_front_a06_@2.png","text":"$6.99\n\nImperial\n\n55% Vegetable Oil Margarine Non Hydrogenated\n\n637 g, $1.10/100g"},{"image":"https://assets.shop.loblaws.ca/products/20167731/b3/en/front/20167731_front_a06_@2.png","text":"$2.99\n\nDerlea\n\nGarlic Spread\n\n250 g, $1.20/100g"},{"image":"https://assets.shop.loblaws.ca/products/21381971/b3/en/front/21381971_front_a06_@2.png","text":"$4.79\n\nPresident's Choice\n\nPlant Based Butter Alternative Unsalted\n\n454 g, $1.06/100g"},{"image":"https://assets.shop.loblaws.ca/products/20604565/b3/en/front/20604565_front_a06_@2.png","text":"$5.99\n\nPC Blue Menu\n\nBlue Menu Original Margarine\n\n907 g, $0.66/100g"},{"image":"https://assets.shop.loblaws.ca/products/20164195/b3/en/front/20164195_front_a06_@2.png","text":"$6.99\n\nImperial\n\nMargarine Quarters\n\n1.36 kg, $0.51/100g"},{"image":"https://assets.shop.loblaws.ca/products/21279362/b3/en/front/21279362_front_a06_@2.png","text":"$8.49\n\nBecel\n\nButtery Taste Margarine\n\n637 g, $1.33/100g"},{"image":"https://assets.shop.loblaws.ca/products/21044719/b3/en/front/21044719_front_a06_@2.png","text":"$4.99\n\nBecel\n\nMargarine with Avocado Oil\n\n427 g, $1.17/100g"},{"image":"https://assets.shop.loblaws.ca/products/21279365/b3/en/front/21279365_front_a06_@2.png","text":"$5.79\n\nBecel\n\nPlant Butter, Salted\n\n454 g, $1.28/100g"},{"image":"https://assets.shop.loblaws.ca/products/20319885001/b3/en/front/20319885001_front_a06_@2.png","text":"$6.49\n\nPC Organics\n\nOrganic Fresh Churned Butter, Unsalted\n\n250 g, $2.60/100g"},{"image":"https://assets.shop.loblaws.ca/products/20288193/b3/en/front/20288193_front_a06_@2.png","text":"$6.99\n\nEarth Balance\n\nSoy Free Buttery Spread\n\n425 g, $1.64/100g"},{"image":"https://assets.shop.loblaws.ca/products/20319885002/b3/en/front/20319885002_front_a06_@2.png","text":"$6.49\n\nPC Organics\n\nOrganic Fresh Churned Butter, Salted\n\n250 g, $2.60/100g"},{"image":"https://assets.shop.loblaws.ca/products/20109179/b3/en/front/20109179_front_a06_@2.png","text":"$7.49\n\nLactantia\n\nMy Country Butter, Unsalted\n\n454 g, $1.65/100g"},{"image":"https://assets.shop.loblaws.ca/products/21361743/b3/en/front/21361743_front_a06_@2.png","text":"$4.29\n\nGay Lea\n\nButter Garlic Parsley\n\n125 g, $3.43/100g"},{"image":"https://assets.shop.loblaws.ca/products/21369681/b3/en/front/21369681_front_a06_@2.png","text":"$6.49\n\nHans\n\nWhipped Butter\n\n300 g, $2.16/100g"},{"image":"https://assets.shop.loblaws.ca/products/20132489/b3/en/front/20132489_front_a06_@2.png","text":"$2.79\n\nNo Name\n\n75% Vegetable Oil Margarine\n\n454 g, $0.61/100g"},{"image":"https://assets.shop.loblaws.ca/products/20665613/b3/en/front/20665613_front_a06_@2.png","text":"$8.29\n\nNo Name\n\nNon-Hydrogenated Margarine\n\n1.36 kg, $0.61/100g"},{"image":"https://assets.shop.loblaws.ca/products/21535354/b3/en/front/21535354_front_a06_@2.png","text":"$3.99\n\nCOUNTRY CROCK\n\nOriginal Spread\n\n427 g, $0.93/100g"},{"image":"https://assets.shop.loblaws.ca/products/20073675/b3/en/front/20073675_front_a06_@2.png","text":"$5.29\n\nNo Name\n\n68% Vegetable Oil Margarine\n\n907 g, $0.58/100g"},{"image":"https://assets.shop.loblaws.ca/products/21361882/b3/en/front/21361882_front_a06_@2.png","text":"$8.49\n\nGay Lea\n\nButter 84% Sea Salted\n\n250 g, $3.40/100g"},{"image":"https://assets.shop.loblaws.ca/products/20010990/b3/en/front/20010990_front_a06_@2.png","text":"$7.29\n\nVegenaise\n\nOriginal\n\n473 ml, $1.54/100ml"},{"image":"https://assets.shop.loblaws.ca/products/20074944/b3/en/front/20074944_front_a06_@2.png","text":"$7.00\n\nGolden Gate\n\nMirage Margarine\n\n907 g, $0.77/100g"},{"image":"https://assets.shop.loblaws.ca/products/21279387/b3/en/front/21279387_front_a06_@2.png","text":"$5.79\n\nBecel\n\nPlant Butter, Unsalted\n\n454 g, $1.28/100g"},{"image":"https://assets.shop.loblaws.ca/products/21505340/b3/en/front/21505340_front_a06_@2.png","text":"$2.49\n\nPillsbury\n\nCrescents Original Dough, 8 Pieces\n\n226 g, $1.10/100g\n\n$2.00 MIN 3"},{"image":"https://assets.shop.loblaws.ca/products/21288850/b3/en/front/21288850_front_a06_@2.png","text":"sale\n$4.99\n\nwas\n$6.29\n\nPresident's Choice\n\nButter Puff Pastry\n\n450 g, $1.11/100g\n\nSAVE $1.30"},{"image":"https://assets.shop.loblaws.ca/products/21302048/b3/en/front/21302048_front_a06_@2.png","text":"$4.99\n\nPillsbury\n\nSugar Cookies Pumpkin\n\n260 g, $1.92/100g"},{"image":"https://assets.shop.loblaws.ca/products/20187585/b3/en/front/20187585_front_a06_@2.png","text":"$3.49\n\nPillsbury\n\nPie Crusts, Refrigerated Pre-Made Dough\n\n400 g, $0.87/100g"},{"image":"https://assets.shop.loblaws.ca/products/21302025/b3/en/front/21302025_front_a06_@2.png","text":"$4.99\n\nPillsbury\n\nSugar Cookies Ghost\n\n260 g, $1.92/100g"},{"image":"https://assets.shop.loblaws.ca/products/20320962002/b3/en/front/20320962002_front_a06_@2.png","text":"$3.49\n\nPillsbury\n\nCinnamon Rolls with Icing, Ready to Bake 8 ct\n\n351 g, $0.99/100g"},{"image":"https://assets.shop.loblaws.ca/products/20317832003/b3/en/front/20317832003_front_a06_@2.png","text":"$3.49\n\nPillsbury\n\nCountry Biscuits, Ready to Bake Dough, 10 ct\n\n340 g, $1.03/100g"},{"image":"https://assets.shop.loblaws.ca/products/20671251/b3/en/front/20671251_front_a06_@2.png","text":"sale\n$3.99\n\nwas\n$4.49\n\nNo Name\n\nDeep Dish Pie Shells\n\n380 g, $1.05/100g\n\nSAVE $0.50"},{"image":"https://assets.shop.loblaws.ca/products/20305424001/b3/en/front/20305424001_front_a06_@2.png","text":"$2.49\n\nPillsbury\n\nCrescents - Reduced Fat\n\n227 g, $1.10/100g\n\n$2.00 MIN 3"},{"image":"https://assets.shop.loblaws.ca/products/21463989/b3/en/front/21463989_front_a06_@2.png","text":"New\n\n$5.29\n\nPillsbury\n\nReady To Bake! Monsters Shape Sugar Cookie Dough\n\n260 g, $2.03/100g"},{"image":"https://assets.shop.loblaws.ca/products/20318034001/b3/en/front/20318034001_front_a06_@2.png","text":"$3.49\n\nPillsbury\n\nChocolate Chip Cookie Dough, Ready to Bake\n\n468 g, $0.75/100g"},{"image":"https://assets.shop.loblaws.ca/products/20296118001/b3/en/front/20296118001_front_a06_@2.png","text":"$5.99\n\nNo Name\n\nTart Shells\n\n30 ea, $1.05/100g"},{"image":"https://assets.shop.loblaws.ca/products/20318034002/b3/en/front/20318034002_front_a06_@2.png","text":"$3.49\n\nPillsbury\n\nChub Chocolate Chunk Cookie\n\n468 g, $0.75/100g"},{"image":"https://assets.shop.loblaws.ca/products/20153259/b3/en/front/20153259_front_a06_@2.png","text":"sale\n$3.99\n\nwas\n$4.49\n\nNo Name\n\nPie Shells\n\n350 g, $1.14/100g\n\nSAVE $0.50"},{"image":"https://assets.shop.loblaws.ca/products/20305424002/b3/en/front/20305424002_front_a06_@2.png","text":"$2.49\n\nPillsbury\n\nWiener Wraps, Refrigerated Dough, Ready to Bake, 6 ct\n\n200 g, $1.25/100g\n\n$2.00 MIN 3"},{"image":"https://assets.shop.loblaws.ca/products/20301101001/b3/en/front/20301101001_front_a06_@2.png","text":"$4.49\n\nPillsbury\n\nGrands! Cinnamon Rolls with Icing, Cinnabon Cinnamon, 5 ct\n\n496 g, $0.91/100g"},{"image":"https://assets.shop.loblaws.ca/products/20296118002/b3/en/front/20296118002_front_a06_@2.png","text":"$5.99\n\nNo Name\n\nSweetened Tart Shells\n\n30 ea, $1.05/100g"},{"image":"https://assets.shop.loblaws.ca/products/20301101005/b3/en/front/20301101005_front_a06_@2.png","text":"$4.49\n\nPillsbury\n\nChocolate Chip Cookie Dough, Ready to Bake, 24 ct\n\n454 g, $0.99/100g"},{"image":"https://assets.shop.loblaws.ca/products/20997483/b3/en/front/20997483_front_a06_@2.png","text":"sale\n$4.99\n\nwas\n$6.49\n\n7 Days\n\nBake It Puff Pastry\n\n850 g, $0.59/100g\n\nSAVE $1.50"},{"image":"https://assets.shop.loblaws.ca/products/21477773/b3/en/front/21477773_front_a06_@2.png","text":"$4.49\n\nPillsbury\n\nReese Cookie Dough\n\n454 g, $0.99/100g"},{"image":"https://assets.shop.loblaws.ca/products/20314013002/b3/en/front/20314013002_front_a06_@2.png","text":"sale\n$2.99\n\nwas\n$3.49\n\nPresident's Choice\n\nChocolate Chip Cookie Dough\n\n468 g, $0.64/100g\n\nSAVE $0.50"},{"image":"https://assets.shop.loblaws.ca/products/21193674/b3/en/front/21193674_front_a06_@2.png","text":"$3.49\n\nPillsbury\n\nSugar Cookies\n\n468 g, $0.75/100g"},{"image":"https://assets.shop.loblaws.ca/products/20877732/b3/en/front/20877732_front_a06_@2.png","text":"$3.99\n\n7 Days\n\nBake It Filo Pastry Med\n\n500 g, $0.80/100g"},{"image":"https://assets.shop.loblaws.ca/products/20121195001/b3/en/front/20121195001_front_a06_@2.png","text":"$3.49\n\nPillsbury\n\nFlaky Real Apple Turnovers\n\n383 g, $0.91/100g"},{"image":"https://assets.shop.loblaws.ca/products/20314013001/b3/en/front/20314013001_front_a06_@2.png","text":"sale\n$2.99\n\nwas\n$3.49\n\nPresident's Choice\n\nOatmeal Chocolate Chip Cookie Dough\n\n468 g, $0.64/100g\n\nSAVE $0.50"},{"image":"https://assets.shop.loblaws.ca/products/21464969/b3/en/front/21464969_front_a06_@2.png","text":"$5.00\n\nYummy Doh\n\nRaw Cookie Dough Chocolate Chunk\n\n400 g, $1.25/100g"},{"image":"https://assets.shop.loblaws.ca/products/21464785/b3/en/front/21464785_front_a06_@2.png","text":"$5.00\n\nYummy Doh\n\nRaw Cookie Dough Strawberry Confetti\n\n400 g, $1.25/100g"},{"image":"https://assets.shop.loblaws.ca/products/20813711001/b3/en/front/20813711001_front_a06_@2.png","text":"$7.79\n\nPC Organics\n\nFree Range Large Brown Eggs\n\n12 eggs, $0.65/1ea"},{"image":"https://assets.shop.loblaws.ca/products/21419781/b3/en/front/21419781_front_a06_@2.png","text":"$7.49\n\nJUST Egg\n\nPlant Based Egg\n\n355 ml, $2.20/100ml"},{"image":"https://assets.shop.loblaws.ca/products/21128369/b3/en/front/21128369_front_a06_@2.png","text":"$5.49\n\nFairlife\n\nLactose Free 2% Partly Skimmed Ultrafiltered Milk\n\n1.5 l, $0.37/100ml"},{"image":"https://assets.shop.loblaws.ca/products/21128371/b3/en/front/21128371_front_a06_@2.png","text":"$5.49\n\nFairlife\n\nChocolate Lactose Free 2% Partly Skimmed Ultrafiltered Milk\n\n1.5 l, $0.37/100ml"},{"image":"https://assets.shop.loblaws.ca/products/21289664/b3/en/front/21289664_front_a06_@2.png","text":"$6.49\n\nPresident's Choice\n\nLactose Free Marble Cheddar\n\n400 g, $1.62/100g"},{"image":"https://assets.shop.loblaws.ca/products/20188053001/b3/en/front/20188053001_front_a06_@2.png","text":"$6.19\n\nNeilson\n\nTrutaste Lactose Free 2% Milk\n\n2 l, $0.31/100ml"},{"image":"https://assets.shop.loblaws.ca/products/21219007/b3/en/front/21219007_front_a06_@2.png","text":"$4.29\n\nIOGO\n\n1% Lactose Free Strawberry-Banana Drinkable Yogurt\n\n6x93.0 ml, $0.77/100g"},{"image":"https://assets.shop.loblaws.ca/products/21128364/b3/en/front/21128364_front_a06_@2.png","text":"$5.49\n\nFairlife\n\nLactose Free Skim Ultrafiltered Milk\n\n1.5 l, $0.37/100ml"},{"image":"https://assets.shop.loblaws.ca/products/21358817/b3/en/front/21358817_front_a06_@2.png","text":"$5.49\n\nFairlife\n\nLactose Free 1% Partly Skimmed Ultrafiltered Milk\n\n1.5 l, $0.37/100ml"},{"image":"https://assets.shop.loblaws.ca/products/21128348/b3/en/front/21128348_front_a06_@2.png","text":"$5.49\n\nFairlife\n\nLactose Free Whole Ultrafiltered Milk\n\n1.5 l, $0.37/100ml"},{"image":"https://assets.shop.loblaws.ca/products/20987150/b3/en/front/20987150_front_a06_@2.png","text":"$3.89\n\nPresident's Choice\n\nLactose Free 14% M.F. Sour Cream\n\n500 ml, $0.78/100ml"},{"image":"https://assets.shop.loblaws.ca/products/20150089/b3/en/front/20150089_front_a06_@2.png","text":"$6.19\n\nNeilson\n\nTrutaste Lactose Free 1% Milk\n\n2 l, $0.31/100ml"},{"image":"https://assets.shop.loblaws.ca/products/21289645/b3/en/front/21289645_front_a06_@2.png","text":"$6.49\n\nPresident's Choice\n\nLactose Free Old Yellow Cheddar Cheese\n\n400 g, $1.62/100g"},{"image":"https://assets.shop.loblaws.ca/products/21184727/b3/en/front/21184727_front_a06_@2.png","text":"$3.79\n\nPresident's Choice\n\nLactose Free Plain Cream Cheese\n\n250 g, $1.52/100g"},{"image":"https://assets.shop.loblaws.ca/products/20944744/b3/en/front/20944744_front_a06_@2.png","text":"sale\n$5.49\n\nwas\n$6.49\n\nActivia\n\nYogurt With Probiotics Lactose Free, Vanilla, Strawberry, Raspberry, Cherry Flavour\n\n12x100.0 g, $0.46/100g\n\nSAVE $1.00"},{"image":"https://assets.shop.loblaws.ca/products/20944778/b3/en/front/20944778_front_a06_@2.png","text":"sale\n$5.49\n\nwas\n$6.00\n\nActivia\n\nYogurt With Probiotics Lactose Free, Strawberry, Blueberry, Peach, Mango Flavour, 12XG\n\n12x100.0 g, $0.46/100g\n\nSAVE $0.51"},{"image":"https://assets.shop.loblaws.ca/products/21349902/b3/en/front/21349902_front_a06_@2.png","text":"$4.29\n\nIOGO\n\nNan 1% Lactose Free Apple-Grape Drinkable Yogurt\n\n6x93.0 ml, $0.77/100ml"},{"image":"https://assets.shop.loblaws.ca/products/21041750/b3/en/front/21041750_front_a06_@2.png","text":"sale\n$5.49\n\nwas\n$7.79\n\nBlack Diamond\n\nCheestrings Marble Lactose Free\n\n252 g, $2.18/100g\n\nSAVE $2.30"},{"image":"https://assets.shop.loblaws.ca/products/21107133/b3/en/front/21107133_front_a06_@2.png","text":"$4.99\n\nNeilson\n\nTrutaste Lactose Free Cream Half & Half 10% M.F.\n\n1 l, $0.50/100ml"},{"image":"https://assets.shop.loblaws.ca/products/20922823/b3/en/front/20922823_front_a06_@2.png","text":"$6.49\n\nPresident's Choice\n\nNaturally Lactose-Free Swiss Cheese\n\n300 g, $2.16/100g"},{"image":"https://assets.shop.loblaws.ca/products/20984624/b3/en/front/20984624_front_a06_@2.png","text":"$4.29\n\nPresident's Choice\n\nLactose Free 2% M.F. Cottage Cheese\n\n500 g, $0.86/100g"},{"image":"https://assets.shop.loblaws.ca/products/20039684/b3/en/front/20039684_front_a06_@2.png","text":"$10.69\n\nNeilson\n\nTruTaste Lactose Free 2% Milk\n\n4 l, $0.27/100ml"},{"image":"https://assets.shop.loblaws.ca/products/21315430/b3/en/front/21315430_front_a06_@2.png","text":"$2.99\n\nGay Lea\n\nLactose Free Sour Cream\n\n450 ml, $0.66/100ml"},{"image":"https://assets.shop.loblaws.ca/products/20909875/b3/en/front/20909875_front_a06_@2.png","text":"$6.19\n\nNeilson\n\nTrutaste No Lactose 3.25% Milk\n\n2 l, $0.31/100ml"},{"image":"https://assets.shop.loblaws.ca/products/21002993/b3/en/front/21002993_front_a06_@2.png","text":"sale\n$3.29\n\nwas\n$4.49\n\nTre Stelle\n\nTre Stelle Creamy Cheese Spread, Lactose Free\n\n200 g, $1.65/100g\n\nSAVE $1.20"},{"image":"https://assets.shop.loblaws.ca/products/20188053002/b3/en/front/20188053002_front_a06_@2.png","text":"$6.19\n\nNeilson\n\nTrutaste Lactose Free Skim Milk\n\n2 l, $0.31/100ml"},{"image":"https://assets.shop.loblaws.ca/products/20796737/b3/en/front/20796737_front_a06_@2.png","text":"$3.49\n\nPresident's Choice\n\nLactose Free Plain 2% M.F. Yogurt\n\n750 g, $0.47/100g"},{"image":"https://assets.shop.loblaws.ca/products/21043175002/b3/en/front/21043175002_front_a06_@2.png","text":"$3.79\n\nIOGO\n\nLactose Free Yogurt, Vanilla 1.5%\n\n650 g, $0.58/100g"},{"image":"https://assets.shop.loblaws.ca/products/21314936/b3/en/front/21314936_front_a06_@2.png","text":"$6.29\n\nPhiladelphia\n\nOriginal Cream Cheese, Lactose Free\n\n250 g, $2.52/100g"},{"image":"https://assets.shop.loblaws.ca/products/21315439/b3/en/front/21315439_front_a06_@2.png","text":"$4.99\n\nGay Lea\n\nLactose Free Cottage Cheese\n\n450 g, $1.11/100g"},{"image":"https://assets.shop.loblaws.ca/products/21043175003/b3/en/front/21043175003_front_a06_@2.png","text":"$3.79\n\nIOGO\n\nLactose Free Yogurt, Strawberry 1.5%\n\n650 g, $0.58/100g"},{"image":"https://assets.shop.loblaws.ca/products/21040983/b3/en/front/21040983_front_a06_@2.png","text":"$6.39\n\nNeilson\n\nTrutaste Chocolate Partly Skimmed Milk 1% M.F.\n\n2 l, $0.32/100ml"},{"image":"https://assets.shop.loblaws.ca/products/21314933/b3/en/front/21314933_front_a06_@2.png","text":"$6.29\n\nPhiladelphia\n\nOriginal Cream Cheese\n\n227 g, $2.77/100g"},{"image":"https://assets.shop.loblaws.ca/products/20188873/b3/en/front/20188873_front_a06_@2.png","text":"$5.89\n\nNeilson\n\nPartly Skimmed Milk 2% MF\n\n4 l, $0.15/100ml"},{"image":"https://assets.shop.loblaws.ca/products/20123609/b3/en/front/20123609_front_a06_@2.png","text":"$3.99\n\nNeilson\n\nHalf and Half Cream\n\n1 l, $0.40/100ml"},{"image":"https://assets.shop.loblaws.ca/products/20048223001/b3/en/front/20048223001_front_a06_@2.png","text":"sale\n$3.99\n\nwas\n$4.69\n\nGay Lea\n\nReal Whipped Cream, Regular\n\n225 g, $1.77/100g\n\nSAVE $0.70"},{"image":"https://assets.shop.loblaws.ca/products/20047439/b3/en/front/20047439_front_a06_@2.png","text":"$5.89\n\nNeilson\n\nPartly Skimmed Milk 1% MF\n\n4 l, $0.15/100ml"},{"image":"https://assets.shop.loblaws.ca/products/20148677/b3/en/front/20148677_front_a06_@2.png","text":"$6.49\n\nNeilson\n\nTrutaste Partially Skimmed Milk 2 percent MF\n\n4 l, $0.16/100ml"},{"image":"https://assets.shop.loblaws.ca/products/20774431/b3/en/front/20774431_front_a06_@2.png","text":"$4.79\n\nNeilson\n\nWhipping Cream\n\n473 ml, $1.01/100ml"},{"image":"https://assets.shop.loblaws.ca/products/20766719/b3/en/front/20766719_front_a06_@2.png","text":"$1.99\n\nNeilson\n\nFlavoured Milk, Chocolate\n\n750 ml, $0.27/100ml\n\n$1.25 MIN 2"},{"image":"https://assets.shop.loblaws.ca/products/20160571/b3/en/front/20160571_front_a06_@2.png","text":"$6.89\n\nNeilson\n\nHomogenized Milk 3.25%\n\n4 l, $0.17/100ml"},{"image":"https://assets.shop.loblaws.ca/products/20130270/b3/en/front/20130270_front_a06_@2.png","text":"$5.49\n\nNeilson\n\nTrue Taste, 2% Milk\n\n2 l, $0.27/100ml"},{"image":"https://assets.shop.loblaws.ca/products/20095354/b3/en/front/20095354_front_a06_@2.png","text":"$3.99\n\nNeilson\n\nTrutaste Light Cream\n\n1 l, $0.40/100ml"},{"image":"https://assets.shop.loblaws.ca/products/21245360/b3/en/front/21245360_front_a06_@2.png","text":"$5.49\n\nSilk\n\nAlmond For Coffee, Vanilla Flavour, Plant Based Dairy Free Coffee Creamer\n\n890 ml, $0.62/100ml"},{"image":"https://assets.shop.loblaws.ca/products/20136554/b3/en/front/20136554_front_a06_@2.png","text":"$6.49\n\nNeilson\n\nTruTaste 1% Milk\n\n4 l, $0.16/100ml"},{"image":"https://assets.shop.loblaws.ca/products/20126276/b3/en/front/20126276_front_a06_@2.png","text":"$5.49\n\nNeilson\n\nTruTaste 1% Milk\n\n2 l, $0.27/100ml"},{"image":"https://assets.shop.loblaws.ca/products/21128369/b3/en/front/21128369_front_a06_@2.png","text":"$5.49\n\nFairlife\n\nLactose Free 2% Partly Skimmed Ultrafiltered Milk\n\n1.5 l, $0.37/100ml"},{"image":"https://assets.shop.loblaws.ca/products/20149754/b3/en/front/20149754_front_a06_@2.png","text":"$3.49\n\nNeilson\n\n2% Milk\n\n1 l, $0.35/100ml"},{"image":"https://assets.shop.loblaws.ca/products/20048223002/b3/en/front/20048223002_front_a06_@2.png","text":"sale\n$3.99\n\nwas\n$4.69\n\nGay Lea\n\nReal Whipped Cream, Light\n\n225 g, $1.77/100g\n\nSAVE $0.70"},{"image":"https://assets.shop.loblaws.ca/products/20895480002/b3/en/front/20895480002_front_a06_@2.png","text":"sale\n$4.49\n\nwas\n$5.79\n\nInternational Delight\n\nFrench Vanilla Flavoured Coffee Creamer, 63 Servings\n\n946 ml, $0.47/100ml\n\nSAVE $1.30"},{"image":"https://assets.shop.loblaws.ca/products/20017001/b3/en/front/20017001_front_a06_@2.png","text":"$5.19\n\nNeilson\n\n2% Milk\n\n2 l, $0.26/100ml"},{"image":"https://assets.shop.loblaws.ca/products/20017493/b3/en/front/20017493_front_a06_@2.png","text":"$3.49\n\nNo Name\n\nWhipped Topping\n\n225 g, $1.55/100g"},{"image":"https://assets.shop.loblaws.ca/products/20774325/b3/en/front/20774325_front_a06_@2.png","text":"$4.29\n\nNeilson\n\nCream, 18%\n\n473 ml, $0.91/100ml"},{"image":"https://assets.shop.loblaws.ca/products/21128371/b3/en/front/21128371_front_a06_@2.png","text":"$5.49\n\nFairlife\n\nChocolate Lactose Free 2% Partly Skimmed Ultrafiltered Milk\n\n1.5 l, $0.37/100ml"},{"image":"https://assets.shop.loblaws.ca/products/21245361/b3/en/front/21245361_front_a06_@2.png","text":"$5.49\n\nSilk\n\nOat For Coffee, Vanilla, Plant Based, Dairy Free Coffee Creamer\n\n890 ml, $0.62/100ml"},{"image":"https://assets.shop.loblaws.ca/products/20172914/b3/en/front/20172914_front_a06_@2.png","text":"$5.89\n\nNeilson\n\nSkim Milk\n\n4 l, $0.15/100ml"},{"image":"https://assets.shop.loblaws.ca/products/21242388/b3/en/front/21242388_front_a06_@2.png","text":"sale\n$4.49\n\nwas\n$5.79\n\nInternational Delight\n\nPumpkin Spice Coffee Enhancer, Limited Edition\n\n946 ml, $0.47/100ml\n\nSAVE $1.30"},{"image":"https://assets.shop.loblaws.ca/products/20101039/b3/en/front/20101039_front_a06_@2.png","text":"$7.99\n\nNeilson\n\nWhipping Cream 35 percent MF\n\n1 l, $0.80/100ml"},{"image":"https://assets.shop.loblaws.ca/products/20155660/b3/en/front/20155660_front_a06_@2.png","text":"$5.49\n\nNeilson\n\nTable Cream\n\n1 l, $0.55/100ml"},{"image":"https://assets.shop.loblaws.ca/products/20973399/b3/en/front/20973399_front_a06_@2.png","text":"$3.29\n\nSilk\n\nFor Coffee, Hazelnut Flavour, Dairy Free Coffee Creamer\n\n473 ml, $0.70/100ml"},{"image":"https://assets.shop.loblaws.ca/products/21040935/b3/en/front/21040935_front_a06_@2.png","text":"sale\n$1.19\n\nwas\n$1.29\n\nNeilson\n\nStrawberry Milkshake\n\n310 ml, $0.38/100ml\n\nSAVE $0.10"},{"image":"https://assets.shop.loblaws.ca/products/21546828/b3/en/front/21546828_front_a06_@2.png","text":"New\n\n$3.49\n\nPresident's Choice\n\nRich & Creamy Egg Nog Original\n\n1 l, $0.35/100ml"},{"image":"https://assets.shop.loblaws.ca/products/20135384/b3/en/front/20135384_front_a06_@2.png","text":"sale\n$1.49\n\nwas\n$3.99\n\nNeilson\n\nButtermilk\n\n1 l, $0.15/100ml\n\nSAVE $2.50"},{"image":"https://assets.shop.loblaws.ca/products/21337504/b3/en/front/21337504_front_a06_@2.png","text":"$5.49\n\nSilk\n\nDairy-Free Whipping Cream Alternative, Coconut based\n\n473 ml, $1.16/100ml"},{"image":"https://assets.shop.loblaws.ca/products/20188053001/b3/en/front/20188053001_front_a06_@2.png","text":"$6.19\n\nNeilson\n\nTrutaste Lactose Free 2% Milk\n\n2 l, $0.31/100ml"},{"image":"https://assets.shop.loblaws.ca/products/20131121/b3/en/front/20131121_front_a06_@2.png","text":"$5.79\n\nNeilson\n\nTruTaste Homogenized Milk\n\n2 l, $0.29/100ml"},{"image":"https://assets.shop.loblaws.ca/products/20309221001/b3/en/front/20309221001_front_a06_@2.png","text":"$6.49\n\nNestl\n\nCOFFEE-MATE Light Powder\n\n450 g, $1.44/100g"},{"image":"https://assets.shop.loblaws.ca/products/20150089/b3/en/front/20150089_front_a06_@2.png","text":"$6.19\n\nNeilson\n\nTrutaste Lactose Free 1% Milk\n\n2 l, $0.31/100ml"},{"image":"https://assets.shop.loblaws.ca/products/20076709/b3/en/front/20076709_front_a06_@2.png","text":"$5.19\n\nNeilson\n\n1% Partly Skimmed Milk\n\n2 l, $0.26/100ml"},{"image":"https://assets.shop.loblaws.ca/products/20075226/b3/en/front/20075226_front_a06_@2.png","text":"$6.49\n\nNeilson\n\nTruTaste Skim Milk\n\n4 l, $0.16/100ml"},{"image":"https://assets.shop.loblaws.ca/products/21541919/b3/en/front/21541919_front_a06_@2.png","text":"New\n\n$7.49\n\nTim Hortons\n\nCoffee Creamer, Double Double\n\n750 ml, $1.00/100ml"},{"image":"https://assets.shop.loblaws.ca/products/21065263/b3/en/front/21065263_front_a06_@2.png","text":"$5.99\n\nMilk 2 Go\n\nChocolate Partly Skimmed Milk 1% M.F. 6 x\n\n6x200.0 ml, $499.17/100ml"},{"image":"https://assets.shop.loblaws.ca/products/20895480003/b3/en/front/20895480003_front_a06_@2.png","text":"sale\n$4.49\n\nwas\n$5.79\n\nInternational Delight\n\nHazelnut Flavoured Coffee Creamer, 63 Servings\n\n946 ml, $0.47/100ml\n\nSAVE $1.30"},{"image":"https://assets.shop.loblaws.ca/products/21040932/b3/en/front/21040932_front_a06_@2.png","text":"sale\n$1.19\n\nwas\n$1.29\n\nNeilson\n\nFrench Vanilla Milkshake\n\n310 ml, $0.38/100ml\n\nSAVE $0.10"},{"image":"https://assets.shop.loblaws.ca/products/21107133/b3/en/front/21107133_front_a06_@2.png","text":"$4.99\n\nNeilson\n\nTrutaste Lactose Free Cream Half & Half 10% M.F.\n\n1 l, $0.50/100ml"},{"image":"https://assets.shop.loblaws.ca/products/20185616/b3/en/front/20185616_front_a06_@2.png","text":"$3.49\n\nNeilson\n\n1% Milk\n\n1 l, $0.35/100ml"},{"image":"https://assets.shop.loblaws.ca/products/20909873/b3/en/front/20909873_front_a06_@2.png","text":"$5.39\n\nNeilson\n\n1% Buttermilk\n\n2 l, $0.27/100ml"},{"image":"https://assets.shop.loblaws.ca/products/20323668001/b3/en/front/20323668001_front_a06_@2.png","text":"$2.75\n\nNestl\n\nRolo Milkshake\n\n473 ml, $0.58/100ml"},{"image":"https://assets.shop.loblaws.ca/products/21424994/b3/en/front/21424994_front_a06_@2.png","text":"$5.79\n\nLactantia\n\n3.25% M.F. Homogenized Milk\n\n2 l, $0.29/100ml"},{"image":"https://assets.shop.loblaws.ca/products/20125636/b3/en/front/20125636_front_a06_@2.png","text":"$5.29\n\nNeilson\n\nHomogenized Milk\n\n2 l, $0.26/100ml"},{"image":"https://assets.shop.loblaws.ca/products/20305664/b3/en/front/20305664_front_a06_@2.png","text":"$4.19\n\nPC Organics\n\nOrganic Homogenized Milk\n\n1 l, $0.42/100ml"},{"image":"https://assets.shop.loblaws.ca/products/20641267/b3/en/front/20641267_front_a06_@2.png","text":"sale\n$4.29\n\nwas\n$4.49\n\nPhiladelphia\n\nOriginal Brick Cream Cheese\n\n250 g, $1.72/100g\n\nSAVE $0.20"},{"image":"https://assets.shop.loblaws.ca/products/20308105001/b3/en/front/20308105001_front_a06_@2.png","text":"$3.00\n\nNo Name\n\nPasteurized Cream Cheese\n\n250 g, $1.20/100g"},{"image":"https://assets.shop.loblaws.ca/products/21188654/b3/en/front/21188654_front_a06_@2.png","text":"$4.49\n\nKraft\n\nSingles Original Slices\n\n410 g, $1.10/100g"},{"image":"https://assets.shop.loblaws.ca/products/20866924010/b3/en/front/20866924010_front_a06_@2.png","text":"sale\n$4.29\n\nwas\n$4.49\n\nPhiladelphia\n\nOriginal Cream Cheese Product\n\n227 g, $1.89/100g\n\nSAVE $0.20"},{"image":"https://assets.shop.loblaws.ca/products/20759241002/b3/en/front/20759241002_front_a06_@2.png","text":"$8.99\n\nSaputo\n\nMozzarellissima\n\n500 g, $1.80/100g"},{"image":"https://assets.shop.loblaws.ca/products/21346749/b3/en/front/21346749_front_a06_@2.png","text":"$7.79\n\nArmstrong\n\nMarble Cheddar\n\n400 g, $1.95/100g"},{"image":"https://assets.shop.loblaws.ca/products/20975773/b3/en/front/20975773_front_a06_@2.png","text":"$9.99\n\nNo Name\n\nFarmer's Marble Cheese\n\n700 g, $1.43/100g"},{"image":"https://assets.shop.loblaws.ca/products/21060183/b3/en/front/21060183_front_a06_@2.png","text":"$5.99\n\nPresident's Choice\n\nTriple Cheddar Shredded Cheese Blend\n\n320 g, $1.87/100g"},{"image":"https://assets.shop.loblaws.ca/products/21289745/b3/en/front/21289745_front_a06_@2.png","text":"$5.99\n\nNo Name\n\nFarmer's Marble Cheese\n\n400 g, $1.50/100g"},{"image":"https://assets.shop.loblaws.ca/products/21346757/b3/en/front/21346757_front_a06_@2.png","text":"$7.79\n\nArmstrong\n\nBar Old Cheddar\n\n400 g, $1.95/100g"},{"image":"https://assets.shop.loblaws.ca/products/20763661/b3/en/front/20763661_front_a06_@2.png","text":"sale\n$5.49\n\nwas\n$7.79\n\nBlack Diamond\n\nCheestrings Marble 18% M.F.\n\n336 g, $1.63/100g\n\nSAVE $2.30"},{"image":"https://assets.shop.loblaws.ca/products/21060201/b3/en/front/21060201_front_a06_@2.png","text":"$5.99\n\nPresident's Choice\n\nPizza Mozzarella Shredded Cheese\n\n320 g, $1.87/100g"},{"image":"https://assets.shop.loblaws.ca/products/20975873/b3/en/front/20975873_front_a06_@2.png","text":"$9.99\n\nNo Name\n\nOld Cheddar Cheese\n\n700 g, $1.43/100g"},{"image":"https://assets.shop.loblaws.ca/products/20742315/b3/en/front/20742315_front_a06_@2.png","text":"$4.99\n\nNo Name\n\nMarble Cheddar Cheese Slices\n\n230 g, $2.17/100g\n\n$4.00 MIN 2"},{"image":"https://assets.shop.loblaws.ca/products/20866929002/b3/en/front/20866929002_front_a06_@2.png","text":"$6.99\n\nPhiladelphia\n\nOriginal Cream Cheese Product\n\n340 g, $2.06/100g"},{"image":"https://assets.shop.loblaws.ca/products/21403514/b3/en/front/21403514_front_a06_@2.png","text":"sale\n$4.99\n\nwas\n$6.49\n\nAmooza\n\nPizza Mozzarella Cheese With Mild Cheddar Taste 22 % M.F.\n\n228 g, $2.19/100g\n\nSAVE $1.50\n\n500 PC Optimum Points"},{"image":"https://assets.shop.loblaws.ca/products/21290705/b3/en/front/21290705_front_a06_@2.png","text":"$6.29\n\nCracker Barrel\n\nSlice Marble Cheddar\n\n240 g, $2.62/100g"},{"image":"https://assets.shop.loblaws.ca/products/21347040/b3/en/front/21347040_front_a06_@2.png","text":"$7.79\n\nArmstrong\n\nBar Pizza Mozzerella 28%\n\n400 g, $1.95/100g"},{"image":"https://assets.shop.loblaws.ca/products/20866924007/b3/en/front/20866924007_front_a06_@2.png","text":"sale\n$4.29\n\nwas\n$4.49\n\nPhiladelphia\n\nHerb & Garlic Cream Cheese Product\n\n227 g, $1.89/100g\n\nSAVE $0.20"},{"image":"https://assets.shop.loblaws.ca/products/21060207/b3/en/front/21060207_front_a06_@2.png","text":"$5.99\n\nPresident's Choice\n\nTex Mex Shredded Cheese Blend\n\n320 g, $1.87/100g"},{"image":"https://assets.shop.loblaws.ca/products/21082491/b3/en/front/21082491_front_a06_@2.png","text":"$5.49\n\nNo Name\n\nShredded Mozzarella\n\n320 g, $1.72/100g"},{"image":"https://assets.shop.loblaws.ca/products/20975887/b3/en/front/20975887_front_a06_@2.png","text":"$9.99\n\nNo Name\n\nPizza Mozzarella Cheese, 28% MF\n\n700 g, $1.43/100g"},{"image":"https://assets.shop.loblaws.ca/products/20183991002/b3/en/front/20183991002_front_a06_@2.png","text":"$4.00\n\nNo Name\n\nCottage Cheese, 2% M.F.\n\n500 g, $0.80/100g"},{"image":"https://assets.shop.loblaws.ca/products/21289689/b3/en/front/21289689_front_a06_@2.png","text":"$6.49\n\nPresident's Choice\n\nExtra Old White Cheddar\n\n400 g, $1.62/100g"},{"image":"https://assets.shop.loblaws.ca/products/21189807/b3/en/front/21189807_front_a06_@2.png","text":"$4.49\n\nKraft\n\nSingles Original Thick Slices\n\n410 g, $1.10/100g"},{"image":"https://assets.shop.loblaws.ca/products/21289664/b3/en/front/21289664_front_a06_@2.png","text":"$6.49\n\nPresident's Choice\n\nLactose Free Marble Cheddar\n\n400 g, $1.62/100g"},{"image":"https://assets.shop.loblaws.ca/products/21290684/b3/en/front/21290684_front_a06_@2.png","text":"$6.29\n\nCracker Barrel\n\nSlice Medium Cheddar\n\n240 g, $2.62/100g"},{"image":"https://assets.shop.loblaws.ca/products/21289761/b3/en/front/21289761_front_a06_@2.png","text":"$5.99\n\nNo Name\n\nPizza Mozzarella Cheese with 28% M.F.\n\n400 g, $1.50/100g"},{"image":"https://assets.shop.loblaws.ca/products/21347244/b3/en/front/21347244_front_a06_@2.png","text":"$7.79\n\nArmstrong\n\nMedium Cheddar Cheese\n\n400 g, $1.95/100g"},{"image":"https://assets.shop.loblaws.ca/products/21528135/b3/en/front/21528135_front_a06_@2.png","text":"$7.79\n\nKraft\n\nGrated Cheese Parmesan 31% M.F.\n\n250 g, $3.12/100g"},{"image":"https://assets.shop.loblaws.ca/products/21289751/b3/en/front/21289751_front_a06_@2.png","text":"$5.99\n\nNo Name\n\nOld Cheddar Cheese\n\n400 g, $1.50/100g"},{"image":"https://assets.shop.loblaws.ca/products/20742893/b3/en/front/20742893_front_a06_@2.png","text":"$4.99\n\nNo Name\n\nSwiss Cheese Slices\n\n210 g, $2.38/100g\n\n$4.00 MIN 2"},{"image":"https://assets.shop.loblaws.ca/products/20308105002/b3/en/front/20308105002_front_a06_@2.png","text":"$3.00\n\nNo Name\n\nPasteurized Light Cream Cheese Spread\n\n250 g, $1.20/100g"},{"image":"https://assets.shop.loblaws.ca/products/21289763/b3/en/front/21289763_front_a06_@2.png","text":"$6.49\n\nPresident's Choice\n\nMonterey Jack Cheese With Jalapeo\n\n400 g, $1.62/100g"},{"image":"https://assets.shop.loblaws.ca/products/21252564/b3/en/front/21252564_front_a06_@2.png","text":"$3.89\n\nBlack Diamond\n\nCheddar-Style Slices, Original\n\n410 g, $0.95/100g"},{"image":"https://assets.shop.loblaws.ca/products/20866816002/b3/en/front/20866816002_front_a06_@2.png","text":"sale\n$4.29\n\nwas\n$4.49\n\nPhiladelphia\n\nWhipped Original Cream Cheese Product\n\n227 g, $1.89/100g\n\nSAVE $0.20"},{"image":"https://assets.shop.loblaws.ca/products/20742451/b3/en/front/20742451_front_a06_@2.png","text":"$4.99\n\nNo Name\n\nMedium Cheddar Cheese Slices\n\n230 g, $2.17/100g\n\n$4.00 MIN 2"},{"image":"https://assets.shop.loblaws.ca/products/20742858/b3/en/front/20742858_front_a06_@2.png","text":"$4.99\n\nNo Name\n\nOld Cheddar Cheese Slices\n\n210 g, $2.38/100g\n\n$4.00 MIN 2"},{"image":"https://assets.shop.loblaws.ca/products/20866929001/b3/en/front/20866929001_front_a06_@2.png","text":"$6.99\n\nPhiladelphia\n\nHerb & Garlic Cream Cheese Product\n\n340 g, $2.06/100g"},{"image":"https://assets.shop.loblaws.ca/products/21082795/b3/en/front/21082795_front_a06_@2.png","text":"$5.49\n\nNo Name\n\nShredded Nacho Cheese Blend\n\n320 g, $1.72/100g"},{"image":"https://assets.shop.loblaws.ca/products/21036106/b3/en/front/21036106_front_a06_@2.png","text":"$3.00\n\nNo Name\n\nCream Cheese Spread\n\n227 g, $1.32/100g"},{"image":"https://assets.shop.loblaws.ca/products/20975786/b3/en/front/20975786_front_a06_@2.png","text":"$9.99\n\nNo Name\n\nMedium Cheddar Cheese\n\n700 g, $1.43/100g"},{"image":"https://assets.shop.loblaws.ca/products/21289722/b3/en/front/21289722_front_a06_@2.png","text":"$6.49\n\nPresident's Choice\n\nHavarti Cheese\n\n400 g, $1.62/100g"},{"image":"https://assets.shop.loblaws.ca/products/21289729/b3/en/front/21289729_front_a06_@2.png","text":"$5.99\n\nNo Name\n\nOld Cheddar Cheese, Light\n\n400 g, $1.50/100g"},{"image":"https://assets.shop.loblaws.ca/products/21003382/b3/en/front/21003382_front_a06_@2.png","text":"$4.99\n\nRio Grande\n\nSoft Blend Dairy Spread\n\n454 g, $1.10/100g"},{"image":"https://assets.shop.loblaws.ca/products/21289577/b3/en/front/21289577_front_a06_@2.png","text":"$6.49\n\nPresident's Choice\n\nSmoke Flavoured Cheddar Cheese\n\n400 g, $1.62/100g"},{"image":"https://assets.shop.loblaws.ca/products/21347070/b3/en/front/21347070_front_a06_@2.png","text":"$7.79\n\nArmstrong\n\nMarble Cheddar Light\n\n400 g, $1.95/100g"},{"image":"https://assets.shop.loblaws.ca/products/20309769/b3/en/front/20309769_front_a06_@2.png","text":"$14.49\n\nNo Name\n\nShredded Cheddar & Monterey Jack Cheese Blend\n\n900 g, $1.61/100g"},{"image":"https://assets.shop.loblaws.ca/products/20022361/b3/en/front/20022361_front_a06_@2.png","text":"$6.99\n\nED Smith\n\nPure Pumpkin\n\n796 ml, $0.88/100ml"},{"image":"https://assets.shop.loblaws.ca/products/20145033/b3/en/front/20145033_front_a06_@2.png","text":"$2.99\n\nLantic\n\nGranulated Sugar\n\n2 kg, $0.15/100g"},{"image":"https://assets.shop.loblaws.ca/products/20022893001/b3/en/front/20022893001_front_a06_@2.png","text":"$2.99\n\nOcean Spray\n\nCranberry Sauce, Whole Berry\n\n348 ml, $0.86/100ml"},{"image":"https://assets.shop.loblaws.ca/products/21189611/b3/en/front/21189611_front_a06_@2.png","text":"$1.69\n\nNo Name\n\nChicken Broth\n\n900 ml, $0.19/100ml"},{"image":"https://assets.shop.loblaws.ca/products/21189610/b3/en/front/21189610_front_a06_@2.png","text":"$1.69\n\nNo Name\n\nReduced Sodium Chicken Broth\n\n900 ml, $0.19/100ml"},{"image":"https://assets.shop.loblaws.ca/products/20302816004/b3/en/front/20302816004_front_a06_@2.png","text":"$1.49\n\nClub House\n\nDry Sauce Mix, Turkey Gravy\n\n25 g, $5.96/100g\n\n$1.25 MIN 4"},{"image":"https://assets.shop.loblaws.ca/products/20022893002/b3/en/front/20022893002_front_a06_@2.png","text":"$2.99\n\nOcean Spray\n\nCranberry Sauce, Jellied\n\n348 ml, $0.86/100ml"},{"image":"https://assets.shop.loblaws.ca/products/20169394/b3/en/front/20169394_front_a06_@2.png","text":"sale\n$2.49\n\nwas\n$3.49\n\nLantic\n\nNatural Old Fashioned Brown Sugar\n\n1 kg, $0.25/100g\n\nSAVE $1.00"},{"image":"https://assets.shop.loblaws.ca/products/21549526/b3/en/front/21549526_front_a06_@2.png","text":"New\n\n$1.59\n\nKraft\n\nOriginal Macaroni & Cheese Dinner\n\n200 g, $0.80/100g\n\n$1.25 MIN 4"},{"image":"https://assets.shop.loblaws.ca/products/21021485/b3/en/front/21021485_front_a06_@2.png","text":"$2.19\n\nGreen Giant\n\nPeaches & Cream Corn\n\n341 ml, $0.64/100ml\n\n$1.50 MIN 2"},{"image":"https://assets.shop.loblaws.ca/products/20102756/b3/en/front/20102756_front_a06_@2.png","text":"$2.29\n\nNo Name\n\nPure White Vinegar\n\n4 l, $0.06/100ml"},{"image":"https://assets.shop.loblaws.ca/products/20039581001/b3/en/front/20039581001_front_a06_@2.png","text":"$5.99\n\nKraft\n\nSmooth Peanut Butter\n\n1 kg, $0.60/100g"},{"image":"https://assets.shop.loblaws.ca/products/20322348002/b3/en/front/20322348002_front_a06_@2.png","text":"sale\n$1.69\n\nwas\n$2.00\n\nCampbell's\n\nChicken Broth\n\n900 ml, $0.19/100ml\n\nSAVE $0.31"},{"image":"https://assets.shop.loblaws.ca/products/20618579001/b3/en/front/20618579001_front_a06_@2.png","text":"$6.49\n\nHellmanns\n\nReal Mayonnaise ideal with fries, burgers and salads\n\n890 ml, $0.73/100ml"},{"image":"https://assets.shop.loblaws.ca/products/21021224/b3/en/front/21021224_front_a06_@2.png","text":"$2.19\n\nGreen Giant\n\nCorn Niblets, Whole Kernel\n\n341 ml, $0.64/100ml\n\n$1.50 MIN 2"},{"image":"https://assets.shop.loblaws.ca/products/20302507/b3/en/front/20302507_front_a06_@2.png","text":"$1.99\n\nCampbell's\n\nFranco American Turkey Gravy\n\n284 ml, $0.70/100ml"},{"image":"https://assets.shop.loblaws.ca/products/20118094/b3/en/front/20118094_front_a06_@2.png","text":"$1.00\n\nNo Name\n\nTomato Paste\n\n156 ml, $0.64/100ml"},{"image":"https://assets.shop.loblaws.ca/products/21189607/b3/en/front/21189607_front_a06_@2.png","text":"$1.69\n\nNo Name\n\nBeef Broth\n\n900 ml, $0.19/100ml"},{"image":"https://assets.shop.loblaws.ca/products/20302816001/b3/en/front/20302816001_front_a06_@2.png","text":"$1.49\n\nClub House\n\nDry Sauce Mix, Brown Gravy\n\n25 g, $5.96/100g\n\n$1.25 MIN 4"},{"image":"https://assets.shop.loblaws.ca/products/20302816007/b3/en/front/20302816007_front_a06_@2.png","text":"$1.49\n\nClub House\n\nDry Sauce Mix, Turkey Gravy, Less Salt\n\n25 g, $5.96/100g\n\n$1.25 MIN 4"},{"image":"https://assets.shop.loblaws.ca/products/20069080/b3/en/front/20069080_front_a06_@2.png","text":"$5.99\n\nHeinz\n\nTomato Ketchup\n\n1 l, $0.60/100ml"},{"image":"https://assets.shop.loblaws.ca/products/20322348001/b3/en/front/20322348001_front_a06_@2.png","text":"sale\n$1.69\n\nwas\n$2.00\n\nCampbell's\n\n30% Less Sodium Chicken Broth\n\n900 ml, $0.19/100ml\n\nSAVE $0.31"},{"image":"https://assets.shop.loblaws.ca/products/21189609/b3/en/front/21189609_front_a06_@2.png","text":"$1.69\n\nNo Name\n\nVegetable Broth\n\n900 ml, $0.19/100ml"},{"image":"https://assets.shop.loblaws.ca/products/20032352/b3/en/front/20032352_front_a06_@2.png","text":"$2.99\n\nRogers\n\nGranulated White Sugar\n\n2 kg, $0.15/100g"},{"image":"https://assets.shop.loblaws.ca/products/21021222/b3/en/front/21021222_front_a06_@2.png","text":"$2.19\n\nGreen Giant\n\nCreamy Style Sweet Corn\n\n398 ml, $0.55/100ml\n\n$1.50 MIN 2"},{"image":"https://assets.shop.loblaws.ca/products/20176214001/b3/en/front/20176214001_front_a06_@2.png","text":"sale\n$1.00\n\nwas\n$1.49\n\nCampbell's\n\nCondensed Soup Tomato\n\n284 ml, $0.35/100ml\n\nSAVE $0.49"},{"image":"https://assets.shop.loblaws.ca/products/20322658001/b3/en/front/20322658001_front_a06_@2.png","text":"$0.59\n\nMr Noodles\n\nInstant Noodles Chicken Flavour\n\n85 g, $0.69/100g\n\n$0.50 MIN 10"},{"image":"https://assets.shop.loblaws.ca/products/20600787/b3/en/front/20600787_front_a06_@2.png","text":"$1.89\n\nNo Name\n\nDiced Tomatoes\n\n796 ml, $0.24/100ml"},{"image":"https://assets.shop.loblaws.ca/products/20176214004/b3/en/front/20176214004_front_a06_@2.png","text":"sale\n$1.00\n\nwas\n$1.49\n\nCampbell's\n\nCream of Mushroom Condensed Soup\n\n284 ml, $0.35/100ml\n\nSAVE $0.49"},{"image":"https://assets.shop.loblaws.ca/products/20325921005/b3/en/front/20325921005_front_a06_@2.png","text":"$1.49\n\nNo Name\n\nBlack Beans\n\n540 ml, $0.28/100ml"},{"image":"https://assets.shop.loblaws.ca/products/21189608/b3/en/front/21189608_front_a06_@2.png","text":"$1.69\n\nNo Name\n\nReduced Sodium Beef Broth\n\n900 ml, $0.19/100ml"},{"image":"https://assets.shop.loblaws.ca/products/20000527/b3/en/front/20000527_front_a06_@2.png","text":"$1.29\n\nUnico\n\nTomato Paste\n\n156 ml, $0.83/100ml"},{"image":"https://assets.shop.loblaws.ca/products/20028656/b3/en/front/20028656_front_a06_@2.png","text":"$9.99\n\nNo Name\n\n100% Pure Canola Oil\n\n3 l, $0.33/100ml"},{"image":"https://assets.shop.loblaws.ca/products/20554593/b3/en/front/20554593_front_a06_@2.png","text":"$1.49\n\nNo Name\n\nDark Red Kidney Beans\n\n540 ml, $0.28/100ml"},{"image":"https://assets.shop.loblaws.ca/products/20016320/b3/en/front/20016320_front_a06_@2.png","text":"$3.69\n\nLantic\n\nBrilliant Yellow Sugar\n\n1 kg, $0.37/100g"},{"image":"https://assets.shop.loblaws.ca/products/21452844/b3/en/front/21452844_front_a06_@2.png","text":"$3.99\n\nHershey's\n\nChipits Milk Chocolate Chips, 250G\n\n250 g, $1.60/100g"},{"image":"https://assets.shop.loblaws.ca/products/20521648/b3/en/front/20521648_front_a06_@2.png","text":"sale\n$0.99\n\nwas\n$1.49\n\nNo Name\n\nFlaked Light Tuna\n\n170 g, $0.58/100g\n\nSAVE $0.50"},{"image":"https://assets.shop.loblaws.ca/products/20310507003/b3/en/front/20310507003_front_a06_@2.png","text":"$2.29\n\nStove Top\n\nChicken Stuffing Mix, Low Sodium\n\n120 g, $1.91/100g"},{"image":"https://assets.shop.loblaws.ca/products/20299211/b3/en/front/20299211_front_a06_@2.png","text":"$1.25\n\nNo Name\n\nSliced Mushrooms\n\n284 ml, $0.44/100ml"},{"image":"https://assets.shop.loblaws.ca/products/20521647/b3/en/front/20521647_front_a06_@2.png","text":"sale\n$0.99\n\nwas\n$1.49\n\nNo Name\n\nChunk Light Tuna\n\n170 g, $0.58/100g\n\nSAVE $0.50"},{"image":"https://assets.shop.loblaws.ca/products/20303822/b3/en/front/20303822_front_a06_@2.png","text":"sale\n$1.25\n\nwas\n$1.29\n\nNo Name\n\nWhole Kernel Crisp Corn\n\n341 ml, $0.37/100ml\n\nSAVE $0.04"},{"image":"https://assets.shop.loblaws.ca/products/20325921001/b3/en/front/20325921001_front_a06_@2.png","text":"$1.49\n\nNo Name\n\nChickpeas\n\n540 ml, $0.28/100ml"},{"image":"https://assets.shop.loblaws.ca/products/20315613002/b3/en/front/20315613002_front_a06_@2.png","text":"$2.29\n\nNo Name\n\nSpaghetti Pasta\n\n900 g, $0.25/100g"},{"image":"https://assets.shop.loblaws.ca/products/21529753/b3/en/front/21529753_front_a06_@2.png","text":"$1.50\n\nPresident's Choice\n\nWhite Cheddar Deluxe Macaroni and Cheese Dinner\n\n200 g, $0.75/100g"},{"image":"https://assets.shop.loblaws.ca/products/20315613003/b3/en/front/20315613003_front_a06_@2.png","text":"$2.29\n\nNo Name\n\nElbow Macaroni Pasta\n\n900 g, $0.25/100g"},{"image":"https://assets.shop.loblaws.ca/products/20617758/b3/en/front/20617758_front_a06_@2.png","text":"$2.49\n\nNo Name\n\nGarlic Powder\n\n150 g, $1.66/100g"},{"image":"https://assets.shop.loblaws.ca/products/20326215005/b3/en/front/20326215005_front_a06_@2.png","text":"$1.89\n\nNo Name\n\nDiced Tomatoes with Herbs and Spices\n\n796 ml, $0.24/100ml"},{"image":"https://assets.shop.loblaws.ca/products/20322348006/b3/en/front/20322348006_front_a06_@2.png","text":"sale\n$1.69\n\nwas\n$2.00\n\nCampbell's\n\nNo Salt Added Chicken Broth\n\n900 ml, $0.19/100ml\n\nSAVE $0.31"},{"image":"https://assets.shop.loblaws.ca/products/20039581001/b3/en/front/20039581001_front_a06_@2.png","text":"$5.99\n\nKraft\n\nSmooth Peanut Butter\n\n1 kg, $0.60/100g"},{"image":"https://assets.shop.loblaws.ca/products/20049221/b3/en/front/20049221_front_a06_@2.png","text":"$12.99\n\nPresident's Choice\n\n100% Pure Maple Syrup (Amber)\n\n500 ml, $2.60/100ml"},{"image":"https://assets.shop.loblaws.ca/products/20039581003/b3/en/front/20039581003_front_a06_@2.png","text":"$5.99\n\nKraft\n\nSmooth Light Peanut Butter\n\n1 kg, $0.60/100g"},{"image":"https://assets.shop.loblaws.ca/products/20311582001/b3/en/front/20311582001_front_a06_@2.png","text":"$5.99\n\nKraft\n\nOnly Peanuts All Natural Smooth Peanut Butter\n\n750 g, $0.80/100g"},{"image":"https://assets.shop.loblaws.ca/products/20308043001/b3/en/front/20308043001_front_a06_@2.png","text":"sale\n$4.49\n\nwas\n$5.79\n\nSmuckers\n\nPure Strawberry Jam\n\n500 ml, $0.90/100ml\n\nSAVE $1.30"},{"image":"https://assets.shop.loblaws.ca/products/20436105/b3/en/front/20436105_front_a06_@2.png","text":"$7.29\n\nNutella\n\nHazelnut Chocolate Spread\n\n725 g, $1.01/100g"},{"image":"https://assets.shop.loblaws.ca/products/20296985001/b3/en/front/20296985001_front_a06_@2.png","text":"$4.79\n\nNo Name\n\nSmooth Peanut Butter\n\n1 kg, $0.48/100g"},{"image":"https://assets.shop.loblaws.ca/products/20039581005/b3/en/front/20039581005_front_a06_@2.png","text":"$5.99\n\nKraft\n\nCrunchy Peanut Butter\n\n1 kg, $0.60/100g"},{"image":"https://assets.shop.loblaws.ca/products/20033683/b3/en/front/20033683_front_a06_@2.png","text":"$10.99\n\nNo Name\n\nPure 100% Canadian Liquid Honey\n\n1 kg, $1.10/100g"},{"image":"https://assets.shop.loblaws.ca/products/21391619/b3/en/front/21391619_front_a06_@2.png","text":"$3.99\n\nPearl Milling Company\n\nOriginal Syrup\n\n710 ml, $0.56/100ml"},{"image":"https://assets.shop.loblaws.ca/products/20149259/b3/en/front/20149259_front_a06_@2.png","text":"$17.49\n\n100% Pure Maple Syrup\n\n1 l, $1.75/100ml"},{"image":"https://assets.shop.loblaws.ca/products/20308043004/b3/en/front/20308043004_front_a06_@2.png","text":"sale\n$4.49\n\nwas\n$7.29\n\nSmuckers\n\nPure Raspberry Jam\n\n500 ml, $0.90/100ml\n\nSAVE $2.80"},{"image":"https://assets.shop.loblaws.ca/products/20129324/b3/en/front/20129324_front_a06_@2.png","text":"$6.99\n\nNo Name\n\nPure 100% Canadian Liquid Honey\n\n500 g, $1.40/100g"},{"image":"https://assets.shop.loblaws.ca/products/20435988/b3/en/front/20435988_front_a06_@2.png","text":"$4.99\n\nNutella\n\nHazelnut Chocolate Spread\n\n375 g, $1.33/100g"},{"image":"https://assets.shop.loblaws.ca/products/20001100/b3/en/front/20001100_front_a06_@2.png","text":"$5.99\n\nNo Name\n\n100% Canadian Pure Liquid Honey\n\n375 g, $1.60/100g"},{"image":"https://assets.shop.loblaws.ca/products/20306030/b3/en/front/20306030_front_a06_@2.png","text":"$3.29\n\nNo Name\n\nOriginal syrup\n\n750 ml, $0.44/100ml"},{"image":"https://assets.shop.loblaws.ca/products/20819456/b3/en/front/20819456_front_a06_@2.png","text":"$5.49\n\nPresident's Choice\n\n100% Pure Maple Syrup\n\n200 ml, $2.75/100ml"},{"image":"https://assets.shop.loblaws.ca/products/20064825001/b3/en/front/20064825001_front_a06_@2.png","text":"$11.49\n\nKraft\n\nSmooth Peanut Butter\n\n2 kg, $0.57/100g"},{"image":"https://assets.shop.loblaws.ca/products/21391939/b3/en/front/21391939_front_a06_@2.png","text":"$3.99\n\nPearl Milling Company\n\nButter Syrup\n\n710 ml, $0.56/100ml"},{"image":"https://assets.shop.loblaws.ca/products/20057669001/b3/en/front/20057669001_front_a06_@2.png","text":"$6.29\n\nPC Blue Menu\n\nBlue Menu Just Peanuts Smooth Peanut Butter\n\n750 g, $0.84/100g"},{"image":"https://assets.shop.loblaws.ca/products/20311582003/b3/en/front/20311582003_front_a06_@2.png","text":"$5.99\n\nKraft\n\nOnly Peanuts All Natural Crunchy Peanut Butter\n\n750 g, $0.80/100g"},{"image":"https://assets.shop.loblaws.ca/products/21285418/b3/en/front/21285418_front_a06_@2.png","text":"$5.99\n\nKraft\n\nHazelnut Spread With Cocoa\n\n725 g, $0.83/100g"},{"image":"https://assets.shop.loblaws.ca/products/20296985002/b3/en/front/20296985002_front_a06_@2.png","text":"$4.79\n\nNo Name\n\nCrunchy Peanut Butter\n\n1 kg, $0.48/100g"},{"image":"https://assets.shop.loblaws.ca/products/21023784/b3/en/front/21023784_front_a06_@2.png","text":"$6.49\n\nJif\n\nCreamy Peanut Butter\n\n1 kg, $0.65/100g"},{"image":"https://assets.shop.loblaws.ca/products/21024115/b3/en/front/21024115_front_a06_@2.png","text":"$5.99\n\nKraft\n\nOnly Peanuts All Natural Peanut Butter with Sea Salt\n\n750 g, $0.80/100g"},{"image":"https://assets.shop.loblaws.ca/products/20296985003/b3/en/front/20296985003_front_a06_@2.png","text":"$4.79\n\nNo Name\n\nSmooth Light Peanut Butter\n\n1 kg, $0.48/100g"},{"image":"https://assets.shop.loblaws.ca/products/20180006/b3/en/front/20180006_front_a06_@2.png","text":"$5.29\n\nPresident's Choice\n\nPure Strawberry Jam\n\n500 ml, $1.06/100ml"},{"image":"https://assets.shop.loblaws.ca/products/20132369001/b3/en/front/20132369001_front_a06_@2.png","text":"$4.79\n\nKraft\n\nSmooth Peanut Butter\n\n500 g, $0.96/100g"},{"image":"https://assets.shop.loblaws.ca/products/20308397001/b3/en/front/20308397001_front_a06_@2.png","text":"$4.29\n\nSmuckers\n\nPure Seedless Strawberry Jam\n\n250 ml, $1.72/100ml"},{"image":"https://assets.shop.loblaws.ca/products/20307313006/b3/en/front/20307313006_front_a06_@2.png","text":"$5.99\n\nBonne Maman\n\nRaspberry Jam\n\n250 ml, $2.40/100ml"},{"image":"https://assets.shop.loblaws.ca/products/20659603001/b3/en/front/20659603001_front_a06_@2.png","text":"sale\n$6.99\n\nwas\n$10.49\n\nKraft\n\nCheez Whiz Cheese Spread\n\n900 g, $0.78/100g\n\nSAVE $3.50"},{"image":"https://assets.shop.loblaws.ca/products/20032552001/b3/en/front/20032552001_front_a06_@2.png","text":"$3.99\n\nNo Name\n\nStrawberry Jam With Pectin\n\n500 ml, $0.80/100ml"},{"image":"https://assets.shop.loblaws.ca/products/20683943/b3/en/front/20683943_front_a06_@2.png","text":"$5.99\n\nNo Name\n\nChocolate Hazelnut Spread\n\n725 g, $0.83/100g"},{"image":"https://assets.shop.loblaws.ca/products/21291164/b3/en/front/21291164_front_a06_@2.png","text":"$2.79\n\nSteeves Maples\n\nSugar Free Syrup\n\n250 ml, $1.12/100ml"},{"image":"https://assets.shop.loblaws.ca/products/20307313001/b3/en/front/20307313001_front_a06_@2.png","text":"$5.99\n\nBonne Maman\n\nStrawberry Jam\n\n250 ml, $2.40/100ml"},{"image":"https://assets.shop.loblaws.ca/products/20323398002/b3/en/front/20323398002_front_a06_@2.png","text":"$8.99\n\nNo Name\n\nSmooth Peanut Butter, Club Size\n\n2 kg, $0.45/100g"},{"image":"https://assets.shop.loblaws.ca/products/20312273001/b3/en/front/20312273001_front_a06_@2.png","text":"sale\n$4.49\n\nwas\n$5.79\n\nSmuckers\n\nNo Sugar Added Strawberry Spread\n\n310 ml, $1.45/100ml\n\nSAVE $1.30"},{"image":"https://assets.shop.loblaws.ca/products/20107636/b3/en/front/20107636_front_a06_@2.png","text":"$10.49\n\nPresident's Choice\n\n100% Pure Maple Syrup (Dark)\n\n375 ml, $2.80/100ml"},{"image":"https://assets.shop.loblaws.ca/products/20016594/b3/en/front/20016594_front_a06_@2.png","text":"$5.49\n\nNo Name\n\nCorn Syrup\n\n1 l, $0.55/100ml"},{"image":"https://assets.shop.loblaws.ca/products/20072342/b3/en/front/20072342_front_a06_@2.png","text":"$10.99\n\nNo Name\n\n100% Canadian Pure Creamed Honey\n\n1 kg, $1.10/100g"},{"image":"https://assets.shop.loblaws.ca/products/21380971/b3/en/front/21380971_front_a06_@2.png","text":"$5.99\n\nKraft\n\nSpread Hazelnut with Cocoa 45% Less Sugar\n\n725 g, $0.83/100g"},{"image":"https://assets.shop.loblaws.ca/products/20316212001/b3/en/front/20316212001_front_a06_@2.png","text":"$3.29\n\nNo Name\n\nSmooth Peanut Butter\n\n500 g, $0.66/100g"},{"image":"https://assets.shop.loblaws.ca/products/21391591/b3/en/front/21391591_front_a06_@2.png","text":"$3.99\n\nPearl Milling Company\n\nLite Syrup\n\n710 ml, $0.56/100ml"},{"image":"https://assets.shop.loblaws.ca/products/20574189/b3/en/front/20574189_front_a06_@2.png","text":"$13.49\n\nNutella\n\nHazelnut Chocolate Spread\n\n2x725.0 g, $0.93/100g"},{"image":"https://assets.shop.loblaws.ca/products/20308397013/b3/en/front/20308397013_front_a06_@2.png","text":"$5.99\n\nSmuckers\n\nPure Seedless Raspberry Jam\n\n250 ml, $2.40/100ml"},{"image":"https://assets.shop.loblaws.ca/products/20374908/b3/en/front/20374908_front_a06_@2.png","text":"$4.29\n\nPresident's Choice\n\nOriginal Table Syrup\n\n750 ml, $0.57/100ml"},{"image":"https://assets.shop.loblaws.ca/products/20217879/b3/en/front/20217879_front_a06_@2.png","text":"$6.49\n\nNo Name\n\nStrawberry Jam with Pectin\n\n1 l, $0.65/100ml"},{"image":"https://assets.shop.loblaws.ca/products/21180491/b3/en/front/21180491_front_a06_@2.png","text":"$17.49\n\nBeeMaid\n\nPure Honey\n\n1 kg, $1.75/100g"},{"image":"https://assets.shop.loblaws.ca/products/20617758/b3/en/front/20617758_front_a06_@2.png","text":"$2.49\n\nNo Name\n\nGarlic Powder\n\n150 g, $1.66/100g"},{"image":"https://assets.shop.loblaws.ca/products/20889881/b3/en/front/20889881_front_a06_@2.png","text":"$1.25\n\nNo Name\n\nBreadsticks and Cheese, Processed Cheese Product\n\n3x29.0 g, $1.44/100g"},{"image":"https://assets.shop.loblaws.ca/products/20123251/b3/en/front/20123251_front_a06_@2.png","text":"sale\n$3.00\n\nwas\n$3.79\n\nNo Name\n\nChopped Garlic\n\n250 g, $1.20/100g\n\nSAVE $0.79"},{"image":"https://assets.shop.loblaws.ca/products/20618677/b3/en/front/20618677_front_a06_@2.png","text":"$3.29\n\nNo Name\n\nGround Cinnamon\n\n150 g, $2.19/100g"},{"image":"https://assets.shop.loblaws.ca/products/21537275/b3/en/front/21537275_front_a06_@2.png","text":"$1.39\n\nMr Goudas\n\nTable Salt Iodized\n\n1 kg, $0.14/100g"},{"image":"https://assets.shop.loblaws.ca/products/20619627/b3/en/front/20619627_front_a06_@2.png","text":"$2.49\n\nNo Name\n\nOregano Leaves\n\n30 g, $8.30/100g"},{"image":"https://assets.shop.loblaws.ca/products/20617736/b3/en/front/20617736_front_a06_@2.png","text":"$2.49\n\nNo Name\n\nOnion Powder\n\n150 g, $1.66/100g"},{"image":"https://assets.shop.loblaws.ca/products/20617499/b3/en/front/20617499_front_a06_@2.png","text":"sale\n$2.00\n\nwas\n$2.49\n\nNo Name\n\nPoultry Seasoning\n\n70 g, $2.86/100g\n\nSAVE $0.49"},{"image":"https://assets.shop.loblaws.ca/products/20078306/b3/en/front/20078306_front_a06_@2.png","text":"$2.00\n\nNo Name\n\nItalian-Style Seasoning\n\n35 g, $5.71/100g"},{"image":"https://assets.shop.loblaws.ca/products/20618086/b3/en/front/20618086_front_a06_@2.png","text":"$3.79\n\nNo Name\n\nGround Black Pepper\n\n150 g, $2.53/100g"},{"image":"https://assets.shop.loblaws.ca/products/20618784/b3/en/front/20618784_front_a06_@2.png","text":"$2.49\n\nNo Name\n\nParsley Flakes\n\n15 g, $16.60/100g"},{"image":"https://assets.shop.loblaws.ca/products/20617953/b3/en/front/20617953_front_a06_@2.png","text":"$2.99\n\nNo Name\n\nBay Leaves\n\n20 g, $14.95/100g"},{"image":"https://assets.shop.loblaws.ca/products/20618260/b3/en/front/20618260_front_a06_@2.png","text":"$2.49\n\nNo Name\n\nGround Sage\n\n80 g, $3.11/100g"},{"image":"https://assets.shop.loblaws.ca/products/20132840/b3/en/front/20132840_front_a06_@2.png","text":"$2.49\n\nNo Name\n\nThyme Leaves\n\n45 g, $5.53/100g"},{"image":"https://assets.shop.loblaws.ca/products/20618072/b3/en/front/20618072_front_a06_@2.png","text":"$2.49\n\nNo Name\n\nPaprika\n\n150 g, $1.66/100g"},{"image":"https://assets.shop.loblaws.ca/products/20618363/b3/en/front/20618363_front_a06_@2.png","text":"$2.49\n\nNo Name\n\nChili Powder\n\n150 g, $1.66/100g"},{"image":"https://assets.shop.loblaws.ca/products/20617972/b3/en/front/20617972_front_a06_@2.png","text":"$2.49\n\nNo Name\n\nRosemary Leaves\n\n50 g, $4.98/100g"},{"image":"https://assets.shop.loblaws.ca/products/20026128001/b3/en/front/20026128001_front_a06_@2.png","text":"$4.99\n\nWindsor\n\nSea Salt, Fine\n\n500 g, $1.00/100g"},{"image":"https://assets.shop.loblaws.ca/products/20618775/b3/en/front/20618775_front_a06_@2.png","text":"$3.99\n\nNo Name\n\nBlack Peppercorns\n\n125 g, $3.19/100g"},{"image":"https://assets.shop.loblaws.ca/products/20582708/b3/en/front/20582708_front_a06_@2.png","text":"$3.00\n\nPC Black Label\n\nPanko\n\n227 g, $1.32/100g"},{"image":"https://assets.shop.loblaws.ca/products/20618033/b3/en/front/20618033_front_a06_@2.png","text":"$2.49\n\nNo Name\n\nGround Cumin\n\n97 g, $2.57/100g"},{"image":"https://assets.shop.loblaws.ca/products/20617720/b3/en/front/20617720_front_a06_@2.png","text":"sale\n$2.00\n\nwas\n$2.49\n\nNo Name\n\nBasil Leaves\n\n40 g, $5.00/100g\n\nSAVE $0.49"},{"image":"https://assets.shop.loblaws.ca/products/20618044/b3/en/front/20618044_front_a06_@2.png","text":"$3.79\n\nNo Name\n\nNutmeg Ground\n\n125 g, $3.03/100g"},{"image":"https://assets.shop.loblaws.ca/products/20096724/b3/en/front/20096724_front_a06_@2.png","text":"$5.49\n\nClub House\n\nPumpkin Pie Spice\n\n35 g, $15.69/100g"},{"image":"https://assets.shop.loblaws.ca/products/20618367/b3/en/front/20618367_front_a06_@2.png","text":"$2.99\n\nNo Name\n\nGround Ginger\n\n100 g, $2.99/100g"},{"image":"https://assets.shop.loblaws.ca/products/20318460002/b3/en/front/20318460002_front_a06_@2.png","text":"$4.99\n\nKraft\n\nShake'n Bake Crispy Chicken Coating Mix\n\n152 g, $3.28/100g"},{"image":"https://assets.shop.loblaws.ca/products/20617739/b3/en/front/20617739_front_a06_@2.png","text":"$3.99\n\nNo Name\n\nCinnamon Sticks\n\n100 g, $3.99/100g"},{"image":"https://assets.shop.loblaws.ca/products/20618069/b3/en/front/20618069_front_a06_@2.png","text":"$2.49\n\nNo Name\n\nCrushed Red Pepper\n\n60 g, $4.15/100g"},{"image":"https://assets.shop.loblaws.ca/products/21517820/b3/en/front/21517820_front_a06_@2.png","text":"$9.99\n\nPresident's Choice\n\nVanilla Extract Pure\n\n125 ml, $7.99/100ml"},{"image":"https://assets.shop.loblaws.ca/products/20184061/b3/en/front/20184061_front_a06_@2.png","text":"$4.79\n\nAurora\n\nItalian Style Bread Crumbs with Italian Romano Cheese\n\n680 g, $0.70/100g"},{"image":"https://assets.shop.loblaws.ca/products/20617756/b3/en/front/20617756_front_a06_@2.png","text":"$2.49\n\nNo Name\n\nSesame Seeds\n\n150 g, $1.66/100g"},{"image":"https://assets.shop.loblaws.ca/products/21122657/b3/en/front/21122657_front_a06_@2.png","text":"$2.99\n\nNo Name\n\nExtra Crispy Coating Mix\n\n152 g, $1.97/100g"},{"image":"https://assets.shop.loblaws.ca/products/20102370/b3/en/front/20102370_front_a06_@2.png","text":"sale\n$3.00\n\nwas\n$3.29\n\nNo Name\n\nMinced Ginger\n\n120 g, $2.50/100g\n\nSAVE $0.29"},{"image":"https://assets.shop.loblaws.ca/products/20069696/b3/en/front/20069696_front_a06_@2.png","text":"$4.29\n\nKikkoman\n\nPanko Bread Crumbs\n\n227 g, $1.89/100g"},{"image":"https://assets.shop.loblaws.ca/products/20312279002/b3/en/front/20312279002_front_a06_@2.png","text":"$1.69\n\nAurora\n\nCoarse Sea Salt\n\n1 kg, $0.17/100g"},{"image":"https://assets.shop.loblaws.ca/products/20114725/b3/en/front/20114725_front_a06_@2.png","text":"$7.99\n\nNo Name\n\nGarlic Powder Club Size\n\n700 g, $1.14/100g"},{"image":"https://assets.shop.loblaws.ca/products/21013899/b3/en/front/21013899_front_a06_@2.png","text":"$6.99\n\nNo Name\n\nChopped Garlic\n\n1 kg, $0.70/100g"},{"image":"https://assets.shop.loblaws.ca/products/20175185/b3/en/front/20175185_front_a06_@2.png","text":"$4.29\n\nClub House\n\nPoultry Seasoning\n\n25 g, $17.16/100g"},{"image":"https://assets.shop.loblaws.ca/products/20617830/b3/en/front/20617830_front_a06_@2.png","text":"$2.79\n\nSuraj\n\nCinnamon Sticks, Dalchini\n\n100 g, $2.79/100g"},{"image":"https://assets.shop.loblaws.ca/products/20572734/b3/en/front/20572734_front_a06_@2.png","text":"$3.00\n\nPC Black Label\n\nSeasoned Panko Bread Crumbs\n\n227 g, $1.32/100g"},{"image":"https://assets.shop.loblaws.ca/products/20618573/b3/en/front/20618573_front_a06_@2.png","text":"$2.49\n\nNo Name\n\nGround Mustard\n\n100 g, $2.49/100g"},{"image":"https://assets.shop.loblaws.ca/products/20618040/b3/en/front/20618040_front_a06_@2.png","text":"$2.49\n\nNo Name\n\nGarlic Salt\n\n250 g, $1.00/100g"},{"image":"https://assets.shop.loblaws.ca/products/20618772/b3/en/front/20618772_front_a06_@2.png","text":"$2.49\n\nNo Name\n\nCurry Powder\n\n125 g, $1.99/100g"},{"image":"https://assets.shop.loblaws.ca/products/20618039/b3/en/front/20618039_front_a06_@2.png","text":"$2.99\n\nNo Name\n\nGround Thyme\n\n80 g, $3.74/100g"},{"image":"https://assets.shop.loblaws.ca/products/20702577/b3/en/front/20702577_front_a06_@2.png","text":"$6.99\n\nNo Name\n\nCrispy Rice Marshmallow Squares\n\n528 g, $1.32/100g"},{"image":"https://assets.shop.loblaws.ca/products/20617977/b3/en/front/20617977_front_a06_@2.png","text":"sale\n$2.00\n\nwas\n$2.49\n\nNo Name\n\nFreeze-Dried Chives\n\n5.5 g, $36.36/100g\n\nSAVE $0.49"},{"image":"https://assets.shop.loblaws.ca/products/21418712/b3/en/front/21418712_front_a06_@2.png","text":"$7.99\n\nPresident's Choice\n\nEggnog Spice Blend\n\n53 g, $15.08/100g"},{"image":"https://assets.shop.loblaws.ca/products/20618679/b3/en/front/20618679_front_a06_@2.png","text":"$1.29\n\nSuraj\n\nGround Coriander\n\n100 g, $1.29/100g"},{"image":"https://assets.shop.loblaws.ca/products/21104047/b3/en/front/21104047_front_a06_@2.png","text":"$4.99\n\nGeneral Mills\n\nHoney Nut Cheerios Breakfast Cereal, Whole Grains\n\n430 g, $1.16/100g\n\n$3.50 MIN 2"},{"image":"https://assets.shop.loblaws.ca/products/21103495/b3/en/front/21103495_front_a06_@2.png","text":"$5.49\n\nGeneral Mills\n\nHoney Nut Cheerios Breakfast Cereal, Family Size, Whole Grains\n\n725 g, $0.76/100g"},{"image":"https://assets.shop.loblaws.ca/products/21449784/b3/en/front/21449784_front_a06_@2.png","text":"$5.49\n\nKelloggs\n\nRice Krispies Original\n\n560 g, $0.98/100g\n\n4,000 PC Optimum Points"},{"image":"https://assets.shop.loblaws.ca/products/20591279/b3/en/front/20591279_front_a06_@2.png","text":"$4.99\n\nKelloggs\n\nFroot Loops Cereal\n\n345 g, $1.45/100g\n\n$3.50 MIN 2"},{"image":"https://assets.shop.loblaws.ca/products/21450814/b3/en/front/21450814_front_a06_@2.png","text":"$4.99\n\nKelloggs\n\nRice Krispies Cereal\n\n340 g, $1.47/100g\n\n$3.50 MIN 2"},{"image":"https://assets.shop.loblaws.ca/products/21427214/b3/en/front/21427214_front_a06_@2.png","text":"$4.79\n\nPost\n\nShreddies Original Cereals\n\n440 g, $1.09/100g"},{"image":"https://assets.shop.loblaws.ca/products/21104055/b3/en/front/21104055_front_a06_@2.png","text":"$4.99\n\nGeneral Mills\n\nCinnamon Toast Crunch Breakfast Cereal, Whole Grains and Real Cinnamon\n\n354 g, $1.41/100g\n\n$3.50 MIN 2"},{"image":"https://assets.shop.loblaws.ca/products/20923828/b3/en/front/20923828_front_a06_@2.png","text":"$2.99\n\nNo Name\n\nQuick 100% Whole Grain Oats\n\n1 kg, $0.30/100g"},{"image":"https://assets.shop.loblaws.ca/products/21103503/b3/en/front/21103503_front_a06_@2.png","text":"$5.49\n\nGeneral Mills\n\nMulti Grain Cheerios Breakfast Cereal, Family Size, Whole Grains\n\n585 g, $0.94/100g"},{"image":"https://assets.shop.loblaws.ca/products/21104173/b3/en/front/21104173_front_a06_@2.png","text":"$4.99\n\nGeneral Mills\n\nOriginal Cheerios Breakfast Cereal, Whole Grains\n\n350 g, $1.43/100g\n\n$3.50 MIN 2"},{"image":"https://assets.shop.loblaws.ca/products/21103492/b3/en/front/21103492_front_a06_@2.png","text":"$5.49\n\nGeneral Mills\n\nCinnamon Toast Crunch Breakfast Cereal, Family Size, Whole Grains\n\n591 g, $0.93/100g"},{"image":"https://assets.shop.loblaws.ca/products/20842545/b3/en/front/20842545_front_a06_@2.png","text":"$4.99\n\nKelloggs\n\nFrosted Flakes Cereal\n\n425 g, $1.17/100g\n\n$3.50 MIN 2"},{"image":"https://assets.shop.loblaws.ca/products/21450811/b3/en/front/21450811_front_a06_@2.png","text":"$5.49\n\nKelloggs\n\nCorn Flakes Family Size\n\n600 g, $0.92/100g\n\n4,000 PC Optimum Points"},{"image":"https://assets.shop.loblaws.ca/products/21104058/b3/en/front/21104058_front_a06_@2.png","text":"$4.99\n\nGeneral Mills\n\nMulti Grain Cheerios Breakfast Cereal, Whole Grains\n\n342 g, $1.46/100g\n\n$3.50 MIN 2"},{"image":"https://assets.shop.loblaws.ca/products/20323113001/b3/en/front/20323113001_front_a06_@2.png","text":"$4.49\n\nQuaker\n\nQuick Oats\n\n1 kg, $0.45/100g"},{"image":"https://assets.shop.loblaws.ca/products/21427201/b3/en/front/21427201_front_a06_@2.png","text":"$4.79\n\nPost\n\nHoney Cereal\n\n440 g, $1.09/100g"},{"image":"https://assets.shop.loblaws.ca/products/20887566/b3/en/front/20887566_front_a06_@2.png","text":"$4.99\n\nGeneral Mills\n\nCinnamon Chex Breakfast Cereal, Gluten Free, Whole Grains\n\n345 g, $1.45/100g\n\n$3.50 MIN 2"},{"image":"https://assets.shop.loblaws.ca/products/21104054/b3/en/front/21104054_front_a06_@2.png","text":"$4.99\n\nGeneral Mills\n\nLucky Charms Breakfast Cereal with Marshmallows, Whole Grains\n\n300 g, $1.66/100g\n\n$3.50 MIN 2"},{"image":"https://assets.shop.loblaws.ca/products/21450851/b3/en/front/21450851_front_a06_@2.png","text":"$4.99\n\nKelloggs\n\nCereal\n\n340 g, $1.47/100g\n\n$3.50 MIN 2"},{"image":"https://assets.shop.loblaws.ca/products/21219824/b3/en/front/21219824_front_a06_@2.png","text":"$5.49\n\nQuaker\n\nHarvest Crunch Original Granola Cereal\n\n475 g, $1.16/100g"},{"image":"https://assets.shop.loblaws.ca/products/21103499/b3/en/front/21103499_front_a06_@2.png","text":"$5.49\n\nGeneral Mills\n\nOriginal Cheerios Breakfast Cereal, Family Size, Whole Grains\n\n570 g, $0.96/100g"},{"image":"https://assets.shop.loblaws.ca/products/21430738/b3/en/front/21430738_front_a06_@2.png","text":"$5.49\n\nKelloggs\n\nFroot Loops\n\n480 g, $1.14/100g\n\n4,000 PC Optimum Points"},{"image":"https://assets.shop.loblaws.ca/products/21103505/b3/en/front/21103505_front_a06_@2.png","text":"$5.49\n\nGeneral Mills\n\nLucky Charms Breakfast Cereal with Marshmallows, Family Size, Whole Grains\n\n526 g, $1.04/100g"},{"image":"https://assets.shop.loblaws.ca/products/21190254/b3/en/front/21190254_front_a06_@2.png","text":"$4.29\n\nQuaker\n\nMaple & Brown Sugar Flavour Instant Oatmeal\n\n344 g, $1.25/100g"},{"image":"https://assets.shop.loblaws.ca/products/20175129/b3/en/front/20175129_front_a06_@2.png","text":"$3.99\n\nPresident's Choice\n\nExtra-Fluffy Buttermilk Pancake & Waffle Mix\n\n905 g, $0.44/100g"},{"image":"https://assets.shop.loblaws.ca/products/20545264/b3/en/front/20545264_front_a06_@2.png","text":"sale\n$3.99\n\nwas\n$4.50\n\nKelloggs\n\nMini-Wheats Cereal, Original\n\n510 g, $0.78/100g\n\nSAVE $0.51"},{"image":"https://assets.shop.loblaws.ca/products/21430755/b3/en/front/21430755_front_a06_@2.png","text":"$5.49\n\nKelloggs\n\nRaisin Bran Family Size Cereal\n\n625 g, $0.88/100g\n\n4,000 PC Optimum Points"},{"image":"https://assets.shop.loblaws.ca/products/20923994/b3/en/front/20923994_front_a06_@2.png","text":"$2.99\n\nNo Name\n\n100% Whole Grain Large Flake Oats\n\n1 kg, $0.30/100g"},{"image":"https://assets.shop.loblaws.ca/products/21449811/b3/en/front/21449811_front_a06_@2.png","text":"$5.49\n\nKelloggs\n\nFrosted Flakes Cereal, Family Size\n\n580 g, $0.95/100g\n\n4,000 PC Optimum Points"},{"image":"https://assets.shop.loblaws.ca/products/20015041/b3/en/front/20015041_front_a06_@2.png","text":"sale\n$3.99\n\nwas\n$4.50\n\nKelloggs\n\nVector Meal Replacement Cereal\n\n400 g, $1.00/100g\n\nSAVE $0.51"},{"image":"https://assets.shop.loblaws.ca/products/20329521/b3/en/front/20329521_front_a06_@2.png","text":"$6.29\n\nShreddies\n\nOriginal Cereal Family Size\n\n725 g, $0.87/100g"},{"image":"https://assets.shop.loblaws.ca/products/20893370/b3/en/front/20893370_front_a06_@2.png","text":"$4.29\n\nRobin Hood\n\n100% Whole Grains Quick Oats\n\n1 kg, $0.43/100g"},{"image":"https://assets.shop.loblaws.ca/products/20072706/b3/en/front/20072706_front_a06_@2.png","text":"$10.49\n\nKelloggs\n\nVector Meal Replacement Cereal\n\n850 g, $1.23/100g"},{"image":"https://assets.shop.loblaws.ca/products/21213662/b3/en/front/21213662_front_a06_@2.png","text":"$4.99\n\nGeneral Mills\n\nOatmeal Crisp Breakfast Cereal, Almond, High Fibre and Whole Grains\n\n437 g, $1.14/100g\n\n$3.50 MIN 2"},{"image":"https://assets.shop.loblaws.ca/products/20849323/b3/en/front/20849323_front_a06_@2.png","text":"$4.99\n\nNature Valley\n\nProtein Granola, Oats 'n Honey, Healthy Snack and Cereal\n\n310 g, $1.61/100g\n\n$4.00 MIN 2"},{"image":"https://assets.shop.loblaws.ca/products/21290111/b3/en/front/21290111_front_a06_@2.png","text":"$3.79\n\nKelloggs\n\nPop Tarts Frosted Strawberry\n\n384 g, $0.99/100g"},{"image":"https://assets.shop.loblaws.ca/products/20923786/b3/en/front/20923786_front_a06_@2.png","text":"$5.99\n\nNo Name\n\nQuick 100% Whole Grain Oats, Club Size\n\n2.25 kg, $0.27/100g"},{"image":"https://assets.shop.loblaws.ca/products/20638159/b3/en/front/20638159_front_a06_@2.png","text":"$6.49\n\nQuaker\n\nMaple & Brown Sugar Flavour Instant Oatmeal\n\n774 g, $0.84/100g"},{"image":"https://assets.shop.loblaws.ca/products/21213668/b3/en/front/21213668_front_a06_@2.png","text":"$4.99\n\nGeneral Mills\n\nOatmeal Crisp Breakfast Cereal, Triple Berry, High Fibre and Whole Grains\n\n399 g, $1.25/100g\n\n$3.50 MIN 2"},{"image":"https://assets.shop.loblaws.ca/products/20637355/b3/en/front/20637355_front_a06_@2.png","text":"$4.99\n\nQuaker\n\nLife Original Cereal\n\n450 g, $1.11/100g"},{"image":"https://assets.shop.loblaws.ca/products/20323113002/b3/en/front/20323113002_front_a06_@2.png","text":"$4.49\n\nQuaker\n\nOats, Large Flake\n\n1 kg, $0.45/100g"},{"image":"https://assets.shop.loblaws.ca/products/21189978/b3/en/front/21189978_front_a06_@2.png","text":"$5.49\n\nKelloggs\n\nKrave Cereal Milk Chocolate\n\n525 g, $1.05/100g\n\n4,000 PC Optimum Points"},{"image":"https://assets.shop.loblaws.ca/products/21347133/b3/en/front/21347133_front_a06_@2.png","text":"$9.99\n\nGeneral Mills\n\nCinnamon Toast Crunch Breakfast Cereal, Jumbo Size, Whole Grains\n\n830 g, $1.20/100g"},{"image":"https://assets.shop.loblaws.ca/products/20054727/b3/en/front/20054727_front_a06_@2.png","text":"$5.49\n\nKelloggs\n\nCorn Pops Cereal, Family Size\n\n515 g, $1.07/100g\n\n4,000 PC Optimum Points"},{"image":"https://assets.shop.loblaws.ca/products/20893369/b3/en/front/20893369_front_a06_@2.png","text":"$4.29\n\nRobin Hood\n\n100% Whole Grains Large Flake Oats\n\n1 kg, $0.43/100g"},{"image":"https://assets.shop.loblaws.ca/products/20751584/b3/en/front/20751584_front_a06_@2.png","text":"$4.79\n\nPost\n\nSpoon Size Shredded Wheat & Bran Cereal\n\n525 g, $0.91/100g"},{"image":"https://assets.shop.loblaws.ca/products/21103509/b3/en/front/21103509_front_a06_@2.png","text":"$5.49\n\nGeneral Mills\n\nCheerios Cereal Apple Cinnamon Family Size\n\n778 g, $0.71/100g"},{"image":"https://assets.shop.loblaws.ca/products/21430748/b3/en/front/21430748_front_a06_@2.png","text":"$5.49\n\nKelloggs\n\nMini Wheat Frosted Cereal\n\n650 g, $0.84/100g\n\n4,000 PC Optimum Points"},{"image":"https://assets.shop.loblaws.ca/products/20022893001/b3/en/front/20022893001_front_a06_@2.png","text":"$2.99\n\nOcean Spray\n\nCranberry Sauce, Whole Berry\n\n348 ml, $0.86/100ml"},{"image":"https://assets.shop.loblaws.ca/products/21189611/b3/en/front/21189611_front_a06_@2.png","text":"$1.69\n\nNo Name\n\nChicken Broth\n\n900 ml, $0.19/100ml"},{"image":"https://assets.shop.loblaws.ca/products/21189610/b3/en/front/21189610_front_a06_@2.png","text":"$1.69\n\nNo Name\n\nReduced Sodium Chicken Broth\n\n900 ml, $0.19/100ml"},{"image":"https://assets.shop.loblaws.ca/products/20022893002/b3/en/front/20022893002_front_a06_@2.png","text":"$2.99\n\nOcean Spray\n\nCranberry Sauce, Jellied\n\n348 ml, $0.86/100ml"},{"image":"https://assets.shop.loblaws.ca/products/21021485/b3/en/front/21021485_front_a06_@2.png","text":"$2.19\n\nGreen Giant\n\nPeaches & Cream Corn\n\n341 ml, $0.64/100ml\n\n$1.50 MIN 2"},{"image":"https://assets.shop.loblaws.ca/products/20322348002/b3/en/front/20322348002_front_a06_@2.png","text":"sale\n$1.69\n\nwas\n$2.00\n\nCampbell's\n\nChicken Broth\n\n900 ml, $0.19/100ml\n\nSAVE $0.31"},{"image":"https://assets.shop.loblaws.ca/products/21021224/b3/en/front/21021224_front_a06_@2.png","text":"$2.19\n\nGreen Giant\n\nCorn Niblets, Whole Kernel\n\n341 ml, $0.64/100ml\n\n$1.50 MIN 2"},{"image":"https://assets.shop.loblaws.ca/products/20302507/b3/en/front/20302507_front_a06_@2.png","text":"$1.99\n\nCampbell's\n\nFranco American Turkey Gravy\n\n284 ml, $0.70/100ml"},{"image":"https://assets.shop.loblaws.ca/products/21189607/b3/en/front/21189607_front_a06_@2.png","text":"$1.69\n\nNo Name\n\nBeef Broth\n\n900 ml, $0.19/100ml"},{"image":"https://assets.shop.loblaws.ca/products/20322348001/b3/en/front/20322348001_front_a06_@2.png","text":"sale\n$1.69\n\nwas\n$2.00\n\nCampbell's\n\n30% Less Sodium Chicken Broth\n\n900 ml, $0.19/100ml\n\nSAVE $0.31"},{"image":"https://assets.shop.loblaws.ca/products/21189609/b3/en/front/21189609_front_a06_@2.png","text":"$1.69\n\nNo Name\n\nVegetable Broth\n\n900 ml, $0.19/100ml"},{"image":"https://assets.shop.loblaws.ca/products/21021222/b3/en/front/21021222_front_a06_@2.png","text":"$2.19\n\nGreen Giant\n\nCreamy Style Sweet Corn\n\n398 ml, $0.55/100ml\n\n$1.50 MIN 2"},{"image":"https://assets.shop.loblaws.ca/products/20176214001/b3/en/front/20176214001_front_a06_@2.png","text":"sale\n$1.00\n\nwas\n$1.49\n\nCampbell's\n\nCondensed Soup Tomato\n\n284 ml, $0.35/100ml\n\nSAVE $0.49"},{"image":"https://assets.shop.loblaws.ca/products/20600787/b3/en/front/20600787_front_a06_@2.png","text":"$1.89\n\nNo Name\n\nDiced Tomatoes\n\n796 ml, $0.24/100ml"},{"image":"https://assets.shop.loblaws.ca/products/20176214004/b3/en/front/20176214004_front_a06_@2.png","text":"sale\n$1.00\n\nwas\n$1.49\n\nCampbell's\n\nCream of Mushroom Condensed Soup\n\n284 ml, $0.35/100ml\n\nSAVE $0.49"},{"image":"https://assets.shop.loblaws.ca/products/20325921005/b3/en/front/20325921005_front_a06_@2.png","text":"$1.49\n\nNo Name\n\nBlack Beans\n\n540 ml, $0.28/100ml"},{"image":"https://assets.shop.loblaws.ca/products/21189608/b3/en/front/21189608_front_a06_@2.png","text":"$1.69\n\nNo Name\n\nReduced Sodium Beef Broth\n\n900 ml, $0.19/100ml"},{"image":"https://assets.shop.loblaws.ca/products/20554593/b3/en/front/20554593_front_a06_@2.png","text":"$1.49\n\nNo Name\n\nDark Red Kidney Beans\n\n540 ml, $0.28/100ml"},{"image":"https://assets.shop.loblaws.ca/products/20521648/b3/en/front/20521648_front_a06_@2.png","text":"sale\n$0.99\n\nwas\n$1.49\n\nNo Name\n\nFlaked Light Tuna\n\n170 g, $0.58/100g\n\nSAVE $0.50"},{"image":"https://assets.shop.loblaws.ca/products/20299211/b3/en/front/20299211_front_a06_@2.png","text":"$1.25\n\nNo Name\n\nSliced Mushrooms\n\n284 ml, $0.44/100ml"},{"image":"https://assets.shop.loblaws.ca/products/20521647/b3/en/front/20521647_front_a06_@2.png","text":"sale\n$0.99\n\nwas\n$1.49\n\nNo Name\n\nChunk Light Tuna\n\n170 g, $0.58/100g\n\nSAVE $0.50"},{"image":"https://assets.shop.loblaws.ca/products/20303822/b3/en/front/20303822_front_a06_@2.png","text":"sale\n$1.25\n\nwas\n$1.29\n\nNo Name\n\nWhole Kernel Crisp Corn\n\n341 ml, $0.37/100ml\n\nSAVE $0.04"},{"image":"https://assets.shop.loblaws.ca/products/20325921001/b3/en/front/20325921001_front_a06_@2.png","text":"$1.49\n\nNo Name\n\nChickpeas\n\n540 ml, $0.28/100ml"},{"image":"https://assets.shop.loblaws.ca/products/20326215005/b3/en/front/20326215005_front_a06_@2.png","text":"$1.89\n\nNo Name\n\nDiced Tomatoes with Herbs and Spices\n\n796 ml, $0.24/100ml"},{"image":"https://assets.shop.loblaws.ca/products/20322348006/b3/en/front/20322348006_front_a06_@2.png","text":"sale\n$1.69\n\nwas\n$2.00\n\nCampbell's\n\nNo Salt Added Chicken Broth\n\n900 ml, $0.19/100ml\n\nSAVE $0.31"},{"image":"https://assets.shop.loblaws.ca/products/20063534/b3/en/front/20063534_front_a06_@2.png","text":"$1.99\n\nCampbell's\n\nFranco American Beef Gravy\n\n284 ml, $0.70/100ml"},{"image":"https://assets.shop.loblaws.ca/products/20314629001/b3/en/front/20314629001_front_a06_@2.png","text":"sale\n$1.25\n\nwas\n$2.29\n\nUnico\n\nDiced Tomatoes\n\n796 ml, $0.16/100ml\n\nSAVE $1.04"},{"image":"https://assets.shop.loblaws.ca/products/20136767001/b3/en/front/20136767001_front_a06_@2.png","text":"$2.29\n\nDole\n\nPineapple Tidbits in Pineapple Juice\n\n398 ml, $0.58/100ml"},{"image":"https://assets.shop.loblaws.ca/products/20601345/b3/en/front/20601345_front_a06_@2.png","text":"$1.89\n\nNo Name\n\nCrushed Tomatoes\n\n796 ml, $0.24/100ml"},{"image":"https://assets.shop.loblaws.ca/products/20305136001/b3/en/front/20305136001_front_a06_@2.png","text":"$1.79\n\nPC Blue Menu\n\nBlack Beans\n\n540 ml, $0.33/100ml"},{"image":"https://assets.shop.loblaws.ca/products/20325649/b3/en/front/20325649_front_a06_@2.png","text":"sale\n$1.79\n\nwas\n$1.99\n\nNo Name\n\nStuffed Manzanilla Olives With Pimento Paste\n\n375 ml, $0.48/100ml\n\nSAVE $0.20"},{"image":"https://assets.shop.loblaws.ca/products/20297246002/b3/en/front/20297246002_front_a06_@2.png","text":"sale\n$1.69\n\nwas\n$2.00\n\nCampbell's\n\nCream of Chicken Soup\n\n284 ml, $0.60/100ml\n\nSAVE $0.31"},{"image":"https://assets.shop.loblaws.ca/products/20305292/b3/en/front/20305292_front_a06_@2.png","text":"sale\n$1.25\n\nwas\n$1.29\n\nNo Name\n\nCream-Style Corn\n\n398 ml, $0.31/100ml\n\nSAVE $0.04"},{"image":"https://assets.shop.loblaws.ca/products/20136767002/b3/en/front/20136767002_front_a06_@2.png","text":"$2.29\n\nDole\n\nPineapple Slices in Pineapple Juice\n\n398 ml, $0.58/100ml"},{"image":"https://assets.shop.loblaws.ca/products/20005237/b3/en/front/20005237_front_a06_@2.png","text":"sale\n$1.25\n\nwas\n$1.29\n\nNo Name\n\nWhole Kernel Corn\n\n341 ml, $0.37/100ml\n\nSAVE $0.04"},{"image":"https://assets.shop.loblaws.ca/products/20318942/b3/en/front/20318942_front_a06_@2.png","text":"$1.79\n\nPC Blue Menu\n\nChickpeas\n\n540 ml, $0.33/100ml"},{"image":"https://assets.shop.loblaws.ca/products/20313447001/b3/en/front/20313447001_front_a06_@2.png","text":"sale\n$1.25\n\nwas\n$1.79\n\nUnico\n\nRed Kidney Beans\n\n540 ml, $0.23/100ml\n\nSAVE $0.54"},{"image":"https://assets.shop.loblaws.ca/products/21379698/b3/en/front/21379698_front_a06_@2.png","text":"$3.00\n\nNo Name\n\nUnsweetened Apple Sauce\n\n620 ml, $0.48/100ml"},{"image":"https://assets.shop.loblaws.ca/products/20322348003/b3/en/front/20322348003_front_a06_@2.png","text":"sale\n$1.69\n\nwas\n$2.00\n\nCampbell's\n\nBeef Broth\n\n900 ml, $0.19/100ml\n\nSAVE $0.31"},{"image":"https://assets.shop.loblaws.ca/products/20322348005/b3/en/front/20322348005_front_a06_@2.png","text":"sale\n$1.69\n\nwas\n$2.00\n\nCampbell's\n\nVegetable Broth\n\n900 ml, $0.19/100ml\n\nSAVE $0.31"},{"image":"https://assets.shop.loblaws.ca/products/20034188/b3/en/front/20034188_front_a06_@2.png","text":"$2.29\n\nPC Blue Menu\n\nDiced Tomatoes\n\n796 ml, $0.29/100ml"},{"image":"https://assets.shop.loblaws.ca/products/21347245/b3/en/front/21347245_front_a06_@2.png","text":"sale\n$1.69\n\nwas\n$2.00\n\nCampbell's\n\nConcentrated Chicken Broth\n\n250 ml, $0.68/100ml\n\nSAVE $0.31"},{"image":"https://assets.shop.loblaws.ca/products/20177278001/b3/en/front/20177278001_front_a06_@2.png","text":"$1.99\n\nHeinz\n\nOriginal Beans in Tomato Sauce\n\n398 ml, $0.50/100ml\n\n$1.75 MIN 4"},{"image":"https://assets.shop.loblaws.ca/products/20313447006/b3/en/front/20313447006_front_a06_@2.png","text":"sale\n$1.25\n\nwas\n$1.79\n\nUnico\n\nBlack Beans\n\n540 ml, $0.23/100ml\n\nSAVE $0.54"},{"image":"https://assets.shop.loblaws.ca/products/20314629006/b3/en/front/20314629006_front_a06_@2.png","text":"sale\n$1.25\n\nwas\n$2.29\n\nUnico\n\nDiced Tomatoes, Herbs & Spices\n\n796 ml, $0.16/100ml\n\nSAVE $1.04"},{"image":"https://assets.shop.loblaws.ca/products/20322348004/b3/en/front/20322348004_front_a06_@2.png","text":"sale\n$1.69\n\nwas\n$2.00\n\nCampbell's\n\n30% Less Sodium Beef Broth\n\n900 ml, $0.19/100ml\n\nSAVE $0.31"},{"image":"https://assets.shop.loblaws.ca/products/20176214003/b3/en/front/20176214003_front_a06_@2.png","text":"sale\n$1.00\n\nwas\n$1.49\n\nCampbell's\n\nCondensed Soup Chicken Noodle\n\n284 ml, $0.35/100ml\n\nSAVE $0.49"},{"image":"https://assets.shop.loblaws.ca/products/20007312/b3/en/front/20007312_front_a06_@2.png","text":"$1.79\n\nPC Blue Menu\n\nDark Red Kidney Beans\n\n540 ml, $0.33/100ml"},{"image":"https://assets.shop.loblaws.ca/products/20630492/b3/en/front/20630492_front_a06_@2.png","text":"$2.29\n\nPC Blue Menu\n\nPearl Barley\n\n450 g, $0.51/100g"},{"image":"https://assets.shop.loblaws.ca/products/20629676/b3/en/front/20629676_front_a06_@2.png","text":"$3.99\n\nPC Blue Menu\n\nYellow Split Peas\n\n900 g, $0.44/100g"},{"image":"https://assets.shop.loblaws.ca/products/20629219/b3/en/front/20629219_front_a06_@2.png","text":"$3.99\n\nPC Blue Menu\n\nGreen Split Peas\n\n900 g, $0.44/100g"},{"image":"https://assets.shop.loblaws.ca/products/20629496/b3/en/front/20629496_front_a06_@2.png","text":"$3.99\n\nPC Blue Menu\n\nRed Split Lentils\n\n900 g, $0.44/100g"},{"image":"https://assets.shop.loblaws.ca/products/20703060/b3/en/front/20703060_front_a06_@2.png","text":"$3.79\n\nT&T\n\nSushi Nori Roasted Seaweed Sheets\n\n27 g, $14.04/100g"},{"image":"https://assets.shop.loblaws.ca/products/20629209/b3/en/front/20629209_front_a06_@2.png","text":"$2.29\n\nPC Blue Menu\n\nPot Barley\n\n450 g, $0.51/100g"},{"image":"https://assets.shop.loblaws.ca/products/20629679/b3/en/front/20629679_front_a06_@2.png","text":"$3.99\n\nPC Blue Menu\n\nGreen Lentils\n\n900 g, $0.44/100g"},{"image":"https://assets.shop.loblaws.ca/products/20629671/b3/en/front/20629671_front_a06_@2.png","text":"$3.99\n\nPC Blue Menu\n\nSoup Mix\n\n900 g, $0.44/100g"},{"image":"https://assets.shop.loblaws.ca/products/20629153/b3/en/front/20629153_front_a06_@2.png","text":"$3.99\n\nPC Blue Menu\n\nBlack Turtle Beans\n\n900 g, $0.44/100g"},{"image":"https://assets.shop.loblaws.ca/products/21173924/b3/en/front/21173924_front_a06_@2.png","text":"$3.99\n\nPC Blue Menu\n\nChickpeas\n\n900 g, $0.44/100g"},{"image":"https://assets.shop.loblaws.ca/products/20629492/b3/en/front/20629492_front_a06_@2.png","text":"$3.99\n\nPC Blue Menu\n\nNavy Beans\n\n900 g, $0.44/100g"},{"image":"https://assets.shop.loblaws.ca/products/20558757/b3/en/front/20558757_front_a06_@2.png","text":"sale\n$3.99\n\nwas\n$6.00\n\nSuraj\n\nChickpeas\n\n1.8 kg, $0.22/100g\n\nSAVE $2.01"},{"image":"https://assets.shop.loblaws.ca/products/20629493/b3/en/front/20629493_front_a06_@2.png","text":"$3.99\n\nPC Blue Menu\n\nPinto Beans\n\n900 g, $0.44/100g"},{"image":"https://assets.shop.loblaws.ca/products/20629494/b3/en/front/20629494_front_a06_@2.png","text":"$3.99\n\nPC Blue Menu\n\nRed Kidney Beans\n\n900 g, $0.44/100g"},{"image":"https://assets.shop.loblaws.ca/products/20629871/b3/en/front/20629871_front_a06_@2.png","text":"$3.99\n\nPC Blue Menu\n\nGreat Northern Beans\n\n900 g, $0.44/100g"},{"image":"https://assets.shop.loblaws.ca/products/20558862/b3/en/front/20558862_front_a06_@2.png","text":"sale\n$3.99\n\nwas\n$6.00\n\nSuraj\n\nRed Split Lentils\n\n1.8 kg, $0.22/100g\n\nSAVE $2.01"},{"image":"https://assets.shop.loblaws.ca/products/20558756/b3/en/front/20558756_front_a06_@2.png","text":"sale\n$3.99\n\nwas\n$6.00\n\nSuraj\n\nChanna Dal\n\n1.8 kg, $0.22/100g\n\nSAVE $2.01"},{"image":"https://assets.shop.loblaws.ca/products/20629872/b3/en/front/20629872_front_a06_@2.png","text":"$3.99\n\nPC Blue Menu\n\nRed Chili Beans\n\n900 g, $0.44/100g"},{"image":"https://assets.shop.loblaws.ca/products/20558870/b3/en/front/20558870_front_a06_@2.png","text":"sale\n$3.99\n\nwas\n$6.00\n\nSuraj\n\nLight Red Kidney Beans\n\n1.8 kg, $0.22/100g\n\nSAVE $2.01"},{"image":"https://assets.shop.loblaws.ca/products/20558867/b3/en/front/20558867_front_a06_@2.png","text":"sale\n$3.99\n\nwas\n$6.00\n\nSuraj\n\nWhole Mung Beans\n\n1.8 kg, $0.22/100g\n\nSAVE $2.01"},{"image":"https://assets.shop.loblaws.ca/products/21173922/b3/en/front/21173922_front_a06_@2.png","text":"$3.99\n\nPC Blue Menu\n\nFive-Bean Medley\n\n900 g, $0.44/100g"},{"image":"https://assets.shop.loblaws.ca/products/20629218/b3/en/front/20629218_front_a06_@2.png","text":"$3.99\n\nPC Blue Menu\n\nBlack-Eyed Beans\n\n900 g, $0.44/100g"},{"image":"https://assets.shop.loblaws.ca/products/20558760/b3/en/front/20558760_front_a06_@2.png","text":"$6.00\n\nSuraj\n\nKala Channa\n\n1.8 kg, $0.33/100g"},{"image":"https://assets.shop.loblaws.ca/products/21307026/b3/en/front/21307026_front_a06_@2.png","text":"$5.49\n\nPC Blue Menu\n\nRed Split Lentils\n\n2 kg, $0.27/100g"},{"image":"https://assets.shop.loblaws.ca/products/20558755/b3/en/front/20558755_front_a06_@2.png","text":"$6.00\n\nSuraj\n\nBlack Turtle Beans\n\n1.8 kg, $0.33/100g"},{"image":"https://assets.shop.loblaws.ca/products/20904376/b3/en/front/20904376_front_a06_@2.png","text":"$6.00\n\nSuraj\n\nToor Dal Dry\n\n1.81 kg, $0.33/100g"},{"image":"https://assets.shop.loblaws.ca/products/20096543/b3/en/front/20096543_front_a06_@2.png","text":"$2.29\n\nThompson\n\nWhite Beans\n\n454 g, $0.50/100g"},{"image":"https://assets.shop.loblaws.ca/products/20629631/b3/en/front/20629631_front_a06_@2.png","text":"$3.99\n\nPC Blue Menu\n\nRomano Beans\n\n900 g, $0.44/100g"},{"image":"https://assets.shop.loblaws.ca/products/20558758/b3/en/front/20558758_front_a06_@2.png","text":"$6.00\n\nSuraj\n\nBlack-Eyed Beans\n\n1.8 kg, $0.33/100g"},{"image":"https://assets.shop.loblaws.ca/products/20091651/b3/en/front/20091651_front_a06_@2.png","text":"$4.19\n\nNupak\n\nBrown Lentils\n\n900 g, $0.47/100g"},{"image":"https://assets.shop.loblaws.ca/products/21307041/b3/en/front/21307041_front_a06_@2.png","text":"$6.19\n\nPC Blue Menu\n\nYellow Split Peas\n\n2 kg, $0.31/100g"},{"image":"https://assets.shop.loblaws.ca/products/20126607/b3/en/front/20126607_front_a06_@2.png","text":"$2.79\n\nNupak\n\nGreen Split Peas\n\n900 g, $0.31/100g"},{"image":"https://assets.shop.loblaws.ca/products/20558861/b3/en/front/20558861_front_a06_@2.png","text":"$6.00\n\nSuraj\n\nLaird Green Lentils\n\n1.8 kg, $0.33/100g"},{"image":"https://assets.shop.loblaws.ca/products/20130354/b3/en/front/20130354_front_a06_@2.png","text":"$2.79\n\nNupak\n\nYellow Split Peas\n\n900 g, $0.31/100g"},{"image":"https://assets.shop.loblaws.ca/products/20072542/b3/en/front/20072542_front_a06_@2.png","text":"$4.19\n\nNupak\n\nChick Peas\n\n900 g, $0.47/100g"},{"image":"https://assets.shop.loblaws.ca/products/20601819/b3/en/front/20601819_front_a06_@2.png","text":"$1.79\n\nGrace\n\nRed Kidney Beans\n\n540 ml, $0.33/100ml"},{"image":"https://assets.shop.loblaws.ca/products/20601821/b3/en/front/20601821_front_a06_@2.png","text":"$3.29\n\nGrace\n\nPigeon Peas\n\n800 g, $0.41/100g"},{"image":"https://assets.shop.loblaws.ca/products/20741716/b3/en/front/20741716_front_a06_@2.png","text":"$5.49\n\nCamil\n\nBean Preto\n\n1 kg, $0.55/100g"},{"image":"https://assets.shop.loblaws.ca/products/21307023/b3/en/front/21307023_front_a06_@2.png","text":"$7.49\n\nPC Blue Menu\n\nGreen Lentils\n\n2 kg, $0.37/100g"},{"image":"https://assets.shop.loblaws.ca/products/20004419/b3/en/front/20004419_front_a06_@2.png","text":"$4.19\n\nNupak\n\nLight Red Kidney Beans\n\n900 g, $0.47/100g"},{"image":"https://assets.shop.loblaws.ca/products/20040811/b3/en/front/20040811_front_a06_@2.png","text":"$4.19\n\nNupak\n\nWhite Kidney Beans\n\n900 g, $0.47/100g"},{"image":"https://assets.shop.loblaws.ca/products/20164400/b3/en/front/20164400_front_a06_@2.png","text":"$4.19\n\nNupak\n\nRomano Beans\n\n900 g, $0.47/100g"},{"image":"https://assets.shop.loblaws.ca/products/20070206002/b3/en/front/20070206002_front_a06_@2.png","text":"$3.99\n\nFerma\n\nBlack Turtle Beans\n\n750 g, $0.53/100g"},{"image":"https://assets.shop.loblaws.ca/products/20074826001/b3/en/front/20074826001_front_a06_@2.png","text":"$3.99\n\nFerma\n\nRed Kidney Beans\n\n750 g, $0.53/100g"},{"image":"https://assets.shop.loblaws.ca/products/20089364/b3/en/front/20089364_front_a06_@2.png","text":"$4.19\n\nNupak\n\nNavy Beans\n\n900 g, $0.47/100g"},{"image":"https://assets.shop.loblaws.ca/products/20060231/b3/en/front/20060231_front_a06_@2.png","text":"$4.19\n\nNupak\n\nRed Lentils\n\n900 g, $0.47/100g"},{"image":"https://assets.shop.loblaws.ca/products/20034589/b3/en/front/20034589_front_a06_@2.png","text":"$4.19\n\nNupak\n\nDark Red Kidney Beans\n\n900 g, $0.47/100g"},{"image":"https://assets.shop.loblaws.ca/products/20092532/b3/en/front/20092532_front_a06_@2.png","text":"$3.99\n\nFerma\n\nChick Peas\n\n750 g, $0.53/100g"},{"image":"https://assets.shop.loblaws.ca/products/20570507/b3/en/front/20570507_front_a06_@2.png","text":"$2.99\n\nSunrise\n\nTofu, Extra Firm\n\n350 g, $0.85/100g\n\n$2.50 MIN 2"},{"image":"https://assets.shop.loblaws.ca/products/20712998/b3/en/front/20712998_front_a06_@2.png","text":"$3.99\n\nManns\n\nSnap Peas\n\n227 g, $1.76/100g"},{"image":"https://assets.shop.loblaws.ca/products/20063864/b3/en/front/20063864_front_a06_@2.png","text":"$2.00\n\nAroy D\n\nCanned Coconut Milk\n\n400 ml, $0.50/100ml"},{"image":"https://assets.shop.loblaws.ca/products/20082279001/b3/en/front/20082279001_front_a06_@2.png","text":"about $3.62\n\nBaby Bok Choy\n\n$5.49/1kg"},{"image":"https://assets.shop.loblaws.ca/products/21378707/b3/en/front/21378707_front_a06_@2.png","text":"$1.79\n\nRooster\n\nCoconut Milk\n\n398 ml, $0.45/100ml"},{"image":"https://assets.shop.loblaws.ca/products/20310940001/b3/en/front/20310940001_front_a06_@2.png","text":"about $1.32\n\nFuji Apples\n\n$5.49/1kg"},{"image":"https://assets.shop.loblaws.ca/products/20817066001/b3/en/front/20817066001_front_a06_@2.png","text":"sale\nabout $3.69\n\nwas\n$4.24\n\nPapaya\n\n$2.84/1kg\n\nSAVE $0.55"},{"image":"https://assets.shop.loblaws.ca/products/20686719/b3/en/front/20686719_front_a06_@2.png","text":"$2.99\n\nIndomie\n\nInstant Mi Goreng Fried Noodles\n\n5x85.0 g, $0.70/100g"},{"image":"https://assets.shop.loblaws.ca/products/20645558/b3/en/front/20645558_front_a06_@2.png","text":"$5.99\n\nManns\n\nSnap Peas\n\n425 g, $1.41/100g"},{"image":"https://assets.shop.loblaws.ca/products/20851084001/b3/en/front/20851084001_front_a06_@2.png","text":"about $3.26\n\nChinese Carrots, Jumbo\n\n$4.39/1kg"},{"image":"https://assets.shop.loblaws.ca/products/20035618001/b3/en/front/20035618001_front_a06_@2.png","text":"about $1.76\n\nYellow Asian Pears\n\n$5.49/1kg"},{"image":"https://assets.shop.loblaws.ca/products/20042410001/b3/en/front/20042410001_front_a06_@2.png","text":"$3.99\n\nWhite Pummelos\n\n1 ea, $3.99/1ea"},{"image":"https://assets.shop.loblaws.ca/products/21023581001/b3/en/front/21023581001_front_a06_@2.png","text":"$2.99\n\nSnap Peas\n\n200 g, $1.50/100g"},{"image":"https://assets.shop.loblaws.ca/products/20032454001/b3/en/front/20032454001_front_a06_@2.png","text":"about $3.23\n\nShanghai Bok Choy\n\n$5.05/1kg"},{"image":"https://assets.shop.loblaws.ca/products/21023553001/b3/en/front/21023553001_front_a06_@2.png","text":"$2.99\n\nSnow Peas\n\n200 g, $1.50/100g"},{"image":"https://assets.shop.loblaws.ca/products/20096297/b3/en/front/20096297_front_a06_@2.png","text":"$2.00\n\nRooster\n\nInstant Noodles\n\n400 g, $0.50/100g"},{"image":"https://assets.shop.loblaws.ca/products/20168395001/b3/en/front/20168395001_front_a06_@2.png","text":"$3.99\n\nDragon Fruit\n\n1 ea, $3.99/1ea"},{"image":"https://assets.shop.loblaws.ca/products/20015025001/b3/en/front/20015025001_front_a06_@2.png","text":"sale\nabout $2.44\n\nwas\n$3.18\n\nChinese Napa Cabbage\n\n$2.18/1kg\n\nSAVE $0.74"},{"image":"https://assets.shop.loblaws.ca/products/20524922001/b3/en/front/20524922001_front_a06_@2.png","text":"about $5.22\n\nJapanese Yams\n\n$5.49/1kg"},{"image":"https://assets.shop.loblaws.ca/products/20082109001/b3/en/front/20082109001_front_a06_@2.png","text":"sale\nabout $2.05\n\nwas\n$2.67\n\nLoBok (Daikon Radish)\n\n$2.18/1kg\n\nSAVE $0.62"},{"image":"https://assets.shop.loblaws.ca/products/20058232001/b3/en/front/20058232001_front_a06_@2.png","text":"$1.99\n\nBean Sprouts\n\n454 g, $0.44/100g"},{"image":"https://assets.shop.loblaws.ca/products/20593313/b3/en/front/20593313_front_a06_@2.png","text":"$1.79\n\nT&T\n\nKorean Roasted Seaweed Laver\n\n15 g, $11.93/100g"},{"image":"https://assets.shop.loblaws.ca/products/20022239/b3/en/front/20022239_front_a06_@2.png","text":"$2.49\n\nSunrise\n\nTofu, Medium Firm\n\n454 g, $0.55/100g\n\n$2.00 MIN 2"},{"image":"https://assets.shop.loblaws.ca/products/20072045/b3/en/front/20072045_front_a06_@2.png","text":"$3.49\n\nChina Lily\n\nSoy Sauce\n\n483 ml, $0.72/100ml"},{"image":"https://assets.shop.loblaws.ca/products/20126907/b3/en/front/20126907_front_a06_@2.png","text":"$3.00\n\nRooster\n\nSweetened Condensed Milk\n\n300 ml, $1.00/100ml"},{"image":"https://assets.shop.loblaws.ca/products/21064091/b3/en/front/21064091_front_a06_@2.png","text":"sale\n$6.49\n\nwas\n$7.49\n\nQP\n\nKewpie Mayonnaise\n\n517 ml, $1.26/100ml\n\nSAVE $1.00"},{"image":"https://assets.shop.loblaws.ca/products/20354811/b3/en/front/20354811_front_a06_@2.png","text":"$3.49\n\nPresident's Choice\n\nUdon Noodles\n\n800 g, $0.44/100g"},{"image":"https://assets.shop.loblaws.ca/products/20144395/b3/en/front/20144395_front_a06_@2.png","text":"$6.99\n\nRooster\n\nThai Hom Mali Scented Jasmine Rice\n\n2 kg, $0.35/100g"},{"image":"","text":"$2.49\n\nRooster\n\nVermicelli Longkou Pancit Sotanghon\n\n8x50.0 g, $0.62/100g"},{"image":"https://assets.shop.loblaws.ca/products/20045048/b3/en/front/20045048_front_a06_@2.png","text":"$3.29\n\nLee Kum Kee\n\nHoisin Squeeze Sauce\n\n443 ml, $0.74/100ml"},{"image":"https://assets.shop.loblaws.ca/products/20032441005/b3/en/front/20032441005_front_a06_@2.png","text":"$1.49\n\nNong Shim\n\nShin Brand Cup Noodle, Oolongmen Shin\n\n75 g, $1.99/100g"},{"image":"https://assets.shop.loblaws.ca/products/20139600/b3/en/front/20139600_front_a06_@2.png","text":"$3.99\n\nLee Kum Kee\n\nPanda Brand Oyster Sauce\n\n510 ml, $0.78/100g"},{"image":"https://assets.shop.loblaws.ca/products/21499017/b3/en/front/21499017_front_a06_@2.png","text":"$5.99\n\nFlying Goose\n\nSriracha Hot Chili Sauce Original\n\n730 ml, $0.82/100ml"},{"image":"https://assets.shop.loblaws.ca/products/20073098001/b3/en/front/20073098001_front_a06_@2.png","text":"about $3.29\n\nShanghai Bok Choy Jr.\n\n$5.49/1kg"},{"image":"https://assets.shop.loblaws.ca/products/20135704/b3/en/front/20135704_front_a06_@2.png","text":"$1.99\n\nSunrise\n\nTofu, Soft\n\n300 g, $0.66/100g\n\n$1.50 MIN 2"},{"image":"https://assets.shop.loblaws.ca/products/20099639001/b3/en/front/20099639001_front_a06_@2.png","text":"about $3.68\n\nBaby Bok Choy Jr\n\n$5.49/1kg"},{"image":"https://assets.shop.loblaws.ca/products/20967204/b3/en/front/20967204_front_a06_@2.png","text":"$1.99\n\nRooster\n\nKongmoon Rice Stick Vermicelli\n\n400 g, $0.50/100g"},{"image":"https://assets.shop.loblaws.ca/products/21066087/b3/en/front/21066087_front_a06_@2.png","text":"$5.49\n\nGlico\n\nPocky Chocolate Cream Coated Biscuit Sticks 12 Packs\n\n156 g, $3.52/100g"},{"image":"https://assets.shop.loblaws.ca/products/20570506/b3/en/front/20570506_front_a06_@2.png","text":"sale\n$2.99\n\nwas\n$3.99\n\nUFC\n\n100% Coconut Water\n\n1 l, $0.30/100ml\n\nSAVE $1.00"},{"image":"https://assets.shop.loblaws.ca/products/20214618/b3/en/front/20214618_front_a06_@2.png","text":"$0.75\n\nMama\n\nOriental Style Instant Noodles, Chicken\n\n55 g, $1.36/100g"},{"image":"https://assets.shop.loblaws.ca/products/20162508001/b3/en/front/20162508001_front_a06_@2.png","text":"$0.44\n\nChinese Long Beans (Bodie)\n\n$0.88/100g"},{"image":"https://assets.shop.loblaws.ca/products/20066381/b3/en/front/20066381_front_a06_@2.png","text":"about $6.67\n\nGolden Pompano Fish, Frozen\n\n$8.80/1kg"},{"image":"https://assets.shop.loblaws.ca/products/20139275/b3/en/front/20139275_front_a06_@2.png","text":"$6.99\n\nKikkoman\n\nSoy Sauce\n\n591 ml, $1.18/100ml"},{"image":"https://assets.shop.loblaws.ca/products/21177454/b3/en/front/21177454_front_a06_@2.png","text":"sale\n$1.49\n\nwas\n$2.29\n\nKosa\n\nCoconut Milk Can\n\n400 ml, $0.37/100ml\n\nSAVE $0.80"},{"image":"https://assets.shop.loblaws.ca/products/21504277/b3/en/front/21504277_front_a06_@2.png","text":"sale\n$1.29\n\nwas\n$1.49\n\nNong Shim\n\nShin Noodles With Soup Mix Gourmet Spicy\n\n120 g, $1.08/100g\n\nSAVE $0.20"},{"image":"https://assets.shop.loblaws.ca/products/20061348002/b3/en/front/20061348002_front_a06_@2.png","text":"$2.99\n\nAroy D\n\nAroy-D, Red Curry\n\n400 g, $0.75/100g"},{"image":"https://assets.shop.loblaws.ca/products/20013298002/b3/en/front/20013298002_front_a06_@2.png","text":"$2.29\n\nSuwong\n\nStir-Fry Mix, Oriental\n\n28 g, $8.18/100g"},{"image":"https://assets.shop.loblaws.ca/products/20091825001/b3/en/front/20091825001_front_a06_@2.png","text":"$0.99\n\nCilantro\n\n1 bunch, $0.99/1ea"},{"image":"https://assets.shop.loblaws.ca/products/20143381001/b3/en/front/20143381001_front_a06_@2.png","text":"about $0.53\n\nRoma Tomatoes\n\n$4.39/1kg"},{"image":"https://assets.shop.loblaws.ca/products/20179038001/b3/en/front/20179038001_front_a06_@2.png","text":"about $1.38\n\nGinger\n\n$6.59/1kg"},{"image":"https://assets.shop.loblaws.ca/products/21004355001/b3/en/front/21004355001_front_a06_@2.png","text":"sale\n$0.89\n\nwas\n$0.99\n\nRooster\n\nGarlic Bulbs, 3-count\n\n90 g, $0.30/1ea\n\nSAVE $0.10"},{"image":"https://assets.shop.loblaws.ca/products/20135581001/b3/en/front/20135581001_front_a06_@2.png","text":"about $1.43\n\nColossal Garlic\n\n$14.31/1kg"},{"image":"https://assets.shop.loblaws.ca/products/20059635001/b3/en/front/20059635001_front_a06_@2.png","text":"$1.29\n\nMango\n\n1 ea, $1.29/1ea\n\n$1.00 MIN 2"},{"image":"https://assets.shop.loblaws.ca/products/20887498001/b3/en/front/20887498001_front_a06_@2.png","text":"$6.00\n\nFarmer's Market\n\nRoma Tomatoes\n\n1 ea, $0.44/100g"},{"image":"https://assets.shop.loblaws.ca/products/20811362001/b3/en/front/20811362001_front_a06_@2.png","text":"$4.99\n\nFarmer's Market\n\nRed Onions\n\n3 lb bag, $0.37/100g"},{"image":"https://assets.shop.loblaws.ca/products/20155709001/b3/en/front/20155709001_front_a06_@2.png","text":"about $3.13\n\nPurple Eggplants\n\n$5.49/1kg"},{"image":"https://assets.shop.loblaws.ca/products/20162840001/b3/en/front/20162840001_front_a06_@2.png","text":"$1.99\n\nSpinach, Bunched\n\n1 ea, $1.99/1ea"},{"image":"https://assets.shop.loblaws.ca/products/20159013001/b3/en/front/20159013001_front_a06_@2.png","text":"sale\nabout $0.71\n\nwas\n$1.10\n\nLong Eggplants\n\n$2.84/1kg\n\nSAVE $0.39"},{"image":"https://assets.shop.loblaws.ca/products/20717130001/b3/en/front/20717130001_front_a06_@2.png","text":"$3.99\n\nPC Organics\n\nOrganic Garlic\n\n115 g, $3.47/100g"},{"image":"https://assets.shop.loblaws.ca/products/20048070001/b3/en/front/20048070001_front_a06_@2.png","text":"sale\n$2.99\n\nwas\n$3.99\n\nRapini\n\n1 bunch, $2.99/1ea\n\nSAVE $1.00"},{"image":"https://assets.shop.loblaws.ca/products/20139326001/b3/en/front/20139326001_front_a06_@2.png","text":"sale\n$0.99\n\nwas\n$1.49\n\nMint, Fresh\n\n1 bunch, $0.99/1ea\n\nSAVE $0.50"},{"image":"https://assets.shop.loblaws.ca/products/21238843001/b3/en/front/21238843001_front_a06_@2.png","text":"$5.99\n\nGarlic Bulbs\n\n1 kg, $0.60/100g"},{"image":"https://assets.shop.loblaws.ca/products/21051353/b3/en/front/21051353_front_a06_@2.png","text":"$2.99\n\nSuraj\n\nNaan Original 5 Flatbreads\n\n500 g, $0.60/100g"},{"image":"https://assets.shop.loblaws.ca/products/20342261/b3/en/front/20342261_front_a06_@2.png","text":"$5.00\n\nSuraj\n\nNaan Original Flatbreads, 10 pack\n\n1 ea, $5.00/1ea"},{"image":"https://assets.shop.loblaws.ca/products/20153678/b3/en/front/20153678_front_a06_@2.png","text":"$19.99\n\nTilda\n\nRice Basmati\n\n4.54 kg, $0.44/100g"},{"image":"https://assets.shop.loblaws.ca/products/20121509001/b3/en/front/20121509001_front_a06_@2.png","text":"$1.69\n\nAtaulfo Mango\n\n1 ea, $1.69/1ea"},{"image":"https://assets.shop.loblaws.ca/products/21050380/b3/en/front/21050380_front_a06_@2.png","text":"$2.99\n\nSuraj\n\nNaan Garlic 5 Flatbreads\n\n500 g, $0.60/100g"},{"image":"https://assets.shop.loblaws.ca/products/20343319/b3/en/front/20343319_front_a06_@2.png","text":"$5.00\n\nSuraj\n\nNaan Garlic Flatbreads\n\n1 kg, $0.50/100g"},{"image":"https://assets.shop.loblaws.ca/products/20142055001/b3/en/front/20142055001_front_a06_@2.png","text":"sale\nabout $2.07\n\nwas\n$2.49\n\nOpo Squash\n\n$3.28/1kg\n\nSAVE $0.42"},{"image":"https://assets.shop.loblaws.ca/products/20091263001/b3/en/front/20091263001_front_a06_@2.png","text":"sale\n$0.66\n\nwas\n$0.77\n\nOkra\n\n$6.59/1kg\n\nSAVE $0.11"},{"image":"https://assets.shop.loblaws.ca/products/20171965001/b3/en/front/20171965001_front_a06_@2.png","text":"sale\n$5.99\n\nwas\n$8.99\n\nFarmer's Market\n\nRed Onions\n\n10 lb bag, $0.13/100g\n\nSAVE $3.00"},{"image":"https://assets.shop.loblaws.ca/products/20787524/b3/en/front/20787524_front_a06_@2.png","text":"$16.99\n\n817 Elephant\n\nPure Basmati Rice\n\n4 kg, $0.42/100g"},{"image":"https://assets.shop.loblaws.ca/products/21102204001/b3/en/front/21102204001_front_a06_@2.png","text":"$2.99\n\nPC Organics\n\nOrganic Ginger\n\n160 g, $1.87/100g"},{"image":"https://assets.shop.loblaws.ca/products/20802664/b3/en/front/20802664_front_a06_@2.png","text":"sale\n$0.29\n\nwas\n$0.39\n\nMaggi\n\nNoodles, Masala\n\n70 g, $0.41/100g\n\nSAVE $0.10"},{"image":"https://assets.shop.loblaws.ca/products/20636099/b3/en/front/20636099_front_a06_@2.png","text":"$2.99\n\nGarlic, Peeled\n\n250 g, $1.20/100g"},{"image":"https://assets.shop.loblaws.ca/products/21286158/b3/en/front/21286158_front_a06_@2.png","text":"$5.99\n\nNanak\n\nPaneer\n\n341 g, $1.76/100g"},{"image":"https://assets.shop.loblaws.ca/products/21099328/b3/en/front/21099328_front_a06_@2.png","text":"$5.49\n\nTre Stelle\n\nPaneer\n\n350 g, $1.57/100g"},{"image":"https://assets.shop.loblaws.ca/products/21054846/b3/en/front/21054846_front_a06_@2.png","text":"sale\n$2.49\n\nwas\n$3.99\n\nPRAN\n\nFrozen Samosa\n\n400 g, $0.62/100g\n\nSAVE $1.50"},{"image":"https://assets.shop.loblaws.ca/products/21054779/b3/en/front/21054779_front_a06_@2.png","text":"sale\n$2.49\n\nwas\n$3.99\n\nPRAN\n\nVeg Spring Roll\n\n400 g, $0.62/100g\n\nSAVE $1.50"},{"image":"https://assets.shop.loblaws.ca/products/21365049/b3/en/front/21365049_front_a06_@2.png","text":"$3.49\n\nLay's\n\nMagic Masala ridged flavoured potato chips\n\n165 g, $2.12/100g"},{"image":"https://assets.shop.loblaws.ca/products/21361077/b3/en/front/21361077_front_a06_@2.png","text":"$1.49\n\nKurkure\n\nChilli Chatka Flavoured Snacks 115g\n\n115 g, $1.30/100g\n\n$1.25 MIN 4"},{"image":"https://assets.shop.loblaws.ca/products/20159689001/b3/en/front/20159689001_front_a06_@2.png","text":"sale\n$1.49\n\nwas\n$1.99\n\nFenugreek\n\n1 bunch, $1.49/1ea\n\nSAVE $0.50"},{"image":"https://assets.shop.loblaws.ca/products/20956495/b3/en/front/20956495_front_a06_@2.png","text":"sale\n$0.99\n\nwas\n$1.49\n\nParle\n\nBiscuit Original Glucose\n\n300 g, $0.33/100g\n\nSAVE $0.50"},{"image":"https://assets.shop.loblaws.ca/products/20870359/b3/en/front/20870359_front_a06_@2.png","text":"sale\n$1.49\n\nwas\n$1.79\n\nMaggi\n\nNoodles Masala\n\n280 g, $0.53/100g\n\nSAVE $0.30"},{"image":"https://assets.shop.loblaws.ca/products/21051297001/b3/en/front/21051297001_front_a06_@2.png","text":"about $12.82\n\nHami Melons\n\n$4.39/1kg"},{"image":"https://assets.shop.loblaws.ca/products/21387721001/b3/en/front/21387721001_front_a06_@2.png","text":"$3.99\n\nFarmer's Market\n\nMango Red 3Ct\n\n3 ea, $1.33/1ea"},{"image":"https://assets.shop.loblaws.ca/products/20028046001/b3/en/front/20028046001_front_a06_@2.png","text":"about $0.57\n\nKarela\n\n$4.39/1kg"},{"image":"https://assets.shop.loblaws.ca/products/20005774001/b3/en/front/20005774001_front_a06_@2.png","text":"sale\n$1.49\n\nwas\n$1.99\n\nCoconuts\n\n1 ea, $1.49/1ea\n\nSAVE $0.50"},{"image":"https://assets.shop.loblaws.ca/products/20838931/b3/en/front/20838931_front_a06_@2.png","text":"$10.00\n\nSuraj\n\nAged Basmati Rice\n\n3.63 kg, $0.28/100g"},{"image":"https://assets.shop.loblaws.ca/products/20055882001/b3/en/front/20055882001_front_a06_@2.png","text":"sale\nabout $0.33\n\nwas\n$0.44\n\nEggplant, Baby\n\n$3.28/1kg\n\nSAVE $0.11"},{"image":"https://assets.shop.loblaws.ca/products/20651932001/b3/en/front/20651932001_front_a06_@2.png","text":"$2.99\n\nPC Organics\n\nOrganic Roma Tomatoes\n\n454 g, $0.66/100g"},{"image":"https://assets.shop.loblaws.ca/products/20617830/b3/en/front/20617830_front_a06_@2.png","text":"$2.79\n\nSuraj\n\nCinnamon Sticks, Dalchini\n\n100 g, $2.79/100g"},{"image":"https://assets.shop.loblaws.ca/products/21365045/b3/en/front/21365045_front_a06_@2.png","text":"$3.49\n\nLay's\n\nCream & Onion ridged flavoured potato chips\n\n165 g, $2.12/100g"},{"image":"https://assets.shop.loblaws.ca/products/20419490001/b3/en/front/20419490001_front_a06_@2.png","text":"sale\n$3.99\n\nwas\n$4.99\n\nKFI\n\nButter Chicken Sauce\n\n375 ml, $1.06/100ml\n\nSAVE $1.00\n\n500 PC Optimum Points"},{"image":"https://assets.shop.loblaws.ca/products/20379701/b3/en/front/20379701_front_a06_@2.png","text":"sale\n$4.49\n\nwas\n$4.99\n\nSuraj\n\nSliced Okra, Bhindi\n\n1 kg, $0.45/100g\n\nSAVE $0.50"},{"image":"https://assets.shop.loblaws.ca/products/20111926001/b3/en/front/20111926001_front_a06_@2.png","text":"about $0.94\n\nPlantains, Single\n\n$2.84/1kg"},{"image":"https://assets.shop.loblaws.ca/products/20169868001/b3/en/front/20169868001_front_a06_@2.png","text":"about $1.16\n\nCaribbean Sweet Potatoes\n\n$3.73/1kg"},{"image":"https://assets.shop.loblaws.ca/products/20167837001/b3/en/front/20167837001_front_a06_@2.png","text":"$0.99\n\nChayote Squash\n\n1 ea, $0.99/1ea"},{"image":"https://assets.shop.loblaws.ca/products/20047774/b3/en/front/20047774_front_a06_@2.png","text":"$1.99\n\nGrace\n\nCoconut Milk\n\n400 ml, $0.50/100ml"},{"image":"https://assets.shop.loblaws.ca/products/20087682001/b3/en/front/20087682001_front_a06_@2.png","text":"about $2.23\n\nCassava\n\n$3.28/1kg"},{"image":"https://assets.shop.loblaws.ca/products/20119760001/b3/en/front/20119760001_front_a06_@2.png","text":"$3.99\n\nCaribbean Avocado\n\n1 ea, $3.99/1ea"},{"image":"https://assets.shop.loblaws.ca/products/20126133001/b3/en/front/20126133001_front_a06_@2.png","text":"sale\nabout $0.76\n\nwas\n$0.99\n\nEddoes\n\n$5.05/1kg\n\nSAVE $0.23"},{"image":"https://assets.shop.loblaws.ca/products/21374081/b3/en/front/21374081_front_a06_@2.png","text":"$1.49\n\nThe Great Gentleman\n\nSpicy Ginger Beer\n\n250 ml, $0.60/100ml"},{"image":"https://assets.shop.loblaws.ca/products/20615981001/b3/en/front/20615981001_front_a06_@2.png","text":"about $5.93\n\nJamaican Pumpkin\n\n$3.95/1kg"},{"image":"https://assets.shop.loblaws.ca/products/20562244002/b3/en/front/20562244002_front_a06_@2.png","text":"$10.49\n\nTinnel's\n\nJamaican Beef Patties, Medium\n\n1.12 kg, $0.94/100g"},{"image":"https://assets.shop.loblaws.ca/products/20106545/b3/en/front/20106545_front_a06_@2.png","text":"sale\n$1.99\n\nwas\n$2.29\n\nGrace\n\nHot Pepper Sauce, Large\n\n170 ml, $1.17/100ml\n\nSAVE $0.30"},{"image":"https://assets.shop.loblaws.ca/products/20562244001/b3/en/front/20562244001_front_a06_@2.png","text":"$10.49\n\nTinnel's\n\nJamaican Beef Patty\n\n1.12 kg, $0.94/100g"},{"image":"https://assets.shop.loblaws.ca/products/21454569001/b3/en/front/21454569001_front_a06_@2.png","text":"$3.00\n\nPresident's Choice\n\nScotch Bonnet Hot Peppers\n\n113 g, $2.65/100g"},{"image":"https://assets.shop.loblaws.ca/products/20213313/b3/en/front/20213313_front_a06_@2.png","text":"$1.00\n\nGrace\n\nPeanut Punch\n\n240 ml, $0.42/100ml"},{"image":"https://assets.shop.loblaws.ca/products/20603025/b3/en/front/20603025_front_a06_@2.png","text":"$1.29\n\nGrace\n\nPlantain Chips\n\n85 g, $1.52/100g"},{"image":"https://assets.shop.loblaws.ca/products/20070018001/b3/en/front/20070018001_front_a06_@2.png","text":"about $5.28\n\nYellow Yams\n\n$10.56/1kg"},{"image":"https://assets.shop.loblaws.ca/products/20602609002/b3/en/front/20602609002_front_a06_@2.png","text":"$1.25\n\nGrace\n\nSweet Plantain Chips\n\n85 g, $1.47/100g"},{"image":"https://assets.shop.loblaws.ca/products/20325345002/b3/en/front/20325345002_front_a06_@2.png","text":"sale\n$2.99\n\nwas\n$4.49\n\nGrace\n\nCorned Beef\n\n340 g, $0.88/100g\n\nSAVE $1.50"},{"image":"https://assets.shop.loblaws.ca/products/20425671/b3/en/front/20425671_front_a06_@2.png","text":"$1.69\n\nGrace\n\nCoconut Water with Pulp\n\n500 ml, $0.34/100ml"},{"image":"https://assets.shop.loblaws.ca/products/20779456/b3/en/front/20779456_front_a06_@2.png","text":"$3.79\n\nGrace\n\n100% Pure Coconut Water\n\n1 l, $0.38/100ml"},{"image":"https://assets.shop.loblaws.ca/products/20315773002/b3/en/front/20315773002_front_a06_@2.png","text":"$1.29\n\nD&G\n\nTing, Grapefruit Drink\n\n300 ml, $0.43/100ml"},{"image":"https://assets.shop.loblaws.ca/products/20039327/b3/en/front/20039327_front_a06_@2.png","text":"$0.99\n\nTiger\n\nMalt Beverage\n\n341 ml, $0.29/100ml"},{"image":"https://assets.shop.loblaws.ca/products/20305465002/b3/en/front/20305465002_front_a06_@2.png","text":"$1.49\n\nGrace\n\nChicken Vienna Sausages In Chicken Broth\n\n130 g, $1.15/100g"},{"image":"https://assets.shop.loblaws.ca/products/20299652005/b3/en/front/20299652005_front_a06_@2.png","text":"$1.25\n\nGrace\n\nIsland Soda\n\n355 ml, $0.35/100ml"},{"image":"https://assets.shop.loblaws.ca/products/20868984001/b3/en/front/20868984001_front_a06_@2.png","text":"about $3.43\n\nMango, Sweet\n\n$8.80/1kg"},{"image":"https://assets.shop.loblaws.ca/products/20130919001/b3/en/front/20130919001_front_a06_@2.png","text":"about $4.40\n\nJamaican Sweet Potatoes\n\n$11.00/1kg"},{"image":"https://assets.shop.loblaws.ca/products/20299652001/b3/en/front/20299652001_front_a06_@2.png","text":"$1.25\n\nGrace\n\nIsland Soda, Pineapple\n\n355 ml, $0.35/100ml"},{"image":"https://assets.shop.loblaws.ca/products/20866469001/b3/en/front/20866469001_front_a06_@2.png","text":"about $1.51\n\nJamaican Aloe\n\n$2.84/1kg"},{"image":"https://assets.shop.loblaws.ca/products/20118969/b3/en/front/20118969_front_a06_@2.png","text":"$1.99\n\nOvaltine\n\nBiscuits with Malt\n\n150 g, $1.33/100g"},{"image":"https://assets.shop.loblaws.ca/products/20696626001/b3/en/front/20696626001_front_a06_@2.png","text":"$1.99\n\nGranadilla\n\n1 ea, $1.99/1ea"},{"image":"https://assets.shop.loblaws.ca/products/20602609001/b3/en/front/20602609001_front_a06_@2.png","text":"$1.25\n\nGrace\n\nGreen Banana Chips\n\n85 g, $1.47/100g"},{"image":"https://assets.shop.loblaws.ca/products/20139955/b3/en/front/20139955_front_a06_@2.png","text":"$1.49\n\nVitamalt\n\nClassic Malt Beverage\n\n330 ml, $0.45/100ml"},{"image":"https://assets.shop.loblaws.ca/products/20299652004/b3/en/front/20299652004_front_a06_@2.png","text":"$1.25\n\nGrace\n\nIsland Soda, Cream Soda\n\n355 ml, $0.35/100ml"},{"image":"https://assets.shop.loblaws.ca/products/20118067/b3/en/front/20118067_front_a06_@2.png","text":"$15.99\n\nShah\n\nNew Treasure Long Grain Parboiled Rice\n\n8 kg, $0.20/100g"},{"image":"https://assets.shop.loblaws.ca/products/20299652003/b3/en/front/20299652003_front_a06_@2.png","text":"$1.25\n\nGrace\n\nKola, Champagne\n\n355 ml, $0.35/100ml"},{"image":"https://assets.shop.loblaws.ca/products/20945705/b3/en/front/20945705_front_a06_@2.png","text":"$3.99\n\nPan\n\nPre-Cooked White Corn Meal\n\n1 kg, $0.40/100g"},{"image":"https://assets.shop.loblaws.ca/products/20183206/b3/en/front/20183206_front_a06_@2.png","text":"sale\n$1.79\n\nwas\n$1.99\n\nGrace\n\nButter Beans\n\n540 ml, $0.33/100ml\n\nSAVE $0.20"},{"image":"https://assets.shop.loblaws.ca/products/20626393001/b3/en/front/20626393001_front_a06_@2.png","text":"$3.99\n\nYellow Dragon Fruit\n\n1 ea, $3.99/1ea"},{"image":"https://assets.shop.loblaws.ca/products/20325345001/b3/en/front/20325345001_front_a06_@2.png","text":"sale\n$2.99\n\nwas\n$4.49\n\nGrace\n\nCorned Beef\n\n340 g, $0.88/100g\n\nSAVE $1.50"},{"image":"https://assets.shop.loblaws.ca/products/20040825/b3/en/front/20040825_front_a06_@2.png","text":"sale\n$1.99\n\nwas\n$2.29\n\nExcelsior\n\nJamaican Water Crackers\n\n300 g, $0.66/100g\n\nSAVE $0.30"},{"image":"https://assets.shop.loblaws.ca/products/20863969001/b3/en/front/20863969001_front_a06_@2.png","text":"about $4.05\n\nJamaican Ginger\n\n$17.61/1kg"},{"image":"https://assets.shop.loblaws.ca/products/21455400/b3/en/front/21455400_front_a06_@2.png","text":"$1.49\n\nThe Great Gentleman\n\nWater Melon Watermelon Hibiscus Soda\n\n250 ml, $0.60/100ml"},{"image":"https://assets.shop.loblaws.ca/products/20305465001/b3/en/front/20305465001_front_a06_@2.png","text":"$1.49\n\nGrace\n\nChicken Vienna Sausages In Chicken Broth, Hot & Spicy\n\n130 g, $1.15/100g"},{"image":"https://assets.shop.loblaws.ca/products/20583459/b3/en/front/20583459_front_a06_@2.png","text":"sale\n$2.99\n\nwas\n$4.49\n\nGrace\n\nCorned Beef, Low Sodium\n\n340 g, $0.88/100g\n\nSAVE $1.50"},{"image":"https://assets.shop.loblaws.ca/products/20137576001/b3/en/front/20137576001_front_a06_@2.png","text":"sale\n$0.79\n\nwas\n$1.99\n\nGrace\n\nFlavoured Soup Mix, Spicy\n\n43 g, $1.84/100g\n\nSAVE $1.20"},{"image":"https://assets.shop.loblaws.ca/products/20318256001/b3/en/front/20318256001_front_a06_@2.png","text":"$1.79\n\nChief\n\nCurry Powder\n\n85 g, $2.11/100g"},{"image":"https://assets.shop.loblaws.ca/products/20181114/b3/en/front/20181114_front_a06_@2.png","text":"$1.29\n\nGrace\n\nMackerel in Tomato Sauce with Hot Chili\n\n155 g, $0.83/100g"},{"image":"https://assets.shop.loblaws.ca/products/20137576002/b3/en/front/20137576002_front_a06_@2.png","text":"sale\n$0.79\n\nwas\n$1.99\n\nGrace\n\nSoup Mix, Fish Tea\n\n45 g, $1.76/100g\n\nSAVE $1.20"},{"image":"https://assets.shop.loblaws.ca/products/21430678/b3/en/front/21430678_front_a06_@2.png","text":"$12.00\n\nSufra\n\nBoneless Skinless Chicken Breasts\n\n645 g, $1.86/100g"},{"image":"https://assets.shop.loblaws.ca/products/20006571/b3/en/front/20006571_front_a06_@2.png","text":"sale\n$1.99\n\nwas\n$2.49\n\nZabiha Halal\n\nChicken Wieners Original\n\n450 g, $0.44/100g\n\nSAVE $0.50"},{"image":"https://assets.shop.loblaws.ca/products/21430680/b3/en/front/21430680_front_a06_@2.png","text":"$8.00\n\nSufra\n\nBone-in Skin-on Chicken Thighs\n\n840 g, $0.95/100g"},{"image":"https://assets.shop.loblaws.ca/products/21430671/b3/en/front/21430671_front_a06_@2.png","text":"$26.00\n\nSufra\n\nBoneless Skinless Chicken Breasts\n\n1.505 kg, $1.73/100g"},{"image":"https://assets.shop.loblaws.ca/products/21430676/b3/en/front/21430676_front_a06_@2.png","text":"$9.00\n\nSufra\n\nSkin-on Chicken Legs\n\n1.28 kg, $0.70/100g"},{"image":"https://assets.shop.loblaws.ca/products/21427840/b3/en/front/21427840_front_a06_@2.png","text":"New\n\n$8.00\n\nSufra\n\nChicken Drumsticks, Halal\n\n840 g, $0.95/100g"},{"image":"https://assets.shop.loblaws.ca/products/20563213/b3/en/front/20563213_front_a06_@2.png","text":"$7.99\n\nPresident's Choice\n\nHalloomSemi-SoftUnripenedCheese\n\n250 g, $3.20/100g"},{"image":"https://assets.shop.loblaws.ca/products/21430672/b3/en/front/21430672_front_a06_@2.png","text":"$13.00\n\nSufra\n\nChicken Thigh, Club Pack\n\n1.54 kg, $0.84/100g"},{"image":"https://assets.shop.loblaws.ca/products/20088355/b3/en/front/20088355_front_a06_@2.png","text":"$2.99\n\nZabiha Halal\n\nChicken Bologna\n\n375 g, $7.97/1kg"},{"image":"https://assets.shop.loblaws.ca/products/21430675/b3/en/front/21430675_front_a06_@2.png","text":"$8.00\n\nSufra\n\nExtra Lean Ground Chicken\n\n454 g, $1.76/100g"},{"image":"https://assets.shop.loblaws.ca/products/21352008/b3/en/front/21352008_front_a06_@2.png","text":"$12.99\n\nPresident's Choice\n\nFree From Lean Ground Lamb\n\n454 g, $2.86/100g"},{"image":"https://assets.shop.loblaws.ca/products/21430677/b3/en/front/21430677_front_a06_@2.png","text":"$12.00\n\nSufra\n\nChicken Legs\n\n1.6 kg, $0.75/100g"},{"image":"https://assets.shop.loblaws.ca/products/21430679/b3/en/front/21430679_front_a06_@2.png","text":"$17.00\n\nSufra\n\nBoneless Skinless Chicken Breasts\n\n1.075 kg, $1.58/100g"},{"image":"https://assets.shop.loblaws.ca/products/21430674/b3/en/front/21430674_front_a06_@2.png","text":"$12.00\n\nSufra\n\nSkin-on Chicken Drumsticks\n\n1.575 kg, $0.76/100g"},{"image":"https://assets.shop.loblaws.ca/products/20664359/b3/en/front/20664359_front_a06_@2.png","text":"about $27.35\n\nPresident's Choice\n\nFree From Australian Lamb Boneless Leg\n\n$19.82/1kg"},{"image":"https://assets.shop.loblaws.ca/products/20105121/b3/en/front/20105121_front_a06_@2.png","text":"$5.49\n\nZabiha Halal\n\nChicken Breakfast Strips\n\n375 g, $1.46/100g"},{"image":"https://assets.shop.loblaws.ca/products/20558986/b3/en/front/20558986_front_a06_@2.png","text":"$7.99\n\nPresident's Choice\n\nHerb & Garlic Halloom\n\n250 g, $3.20/100g"},{"image":"https://assets.shop.loblaws.ca/products/21430606/b3/en/front/21430606_front_a06_@2.png","text":"$22.00\n\nSufra\n\nHalal Chicken Wings\n\n2 kg, $1.10/100g"},{"image":"https://assets.shop.loblaws.ca/products/20911558/b3/en/front/20911558_front_a06_@2.png","text":"$4.99\n\nZabiha Halal\n\nSliced Smoked Halal Chicken Breast Roast\n\n200 g, $2.50/100g"},{"image":"https://assets.shop.loblaws.ca/products/21179707/b3/en/front/21179707_front_a06_@2.png","text":"$10.00\n\nSufra\n\nHalal Chicken Strips\n\n840 g, $1.19/100g"},{"image":"https://assets.shop.loblaws.ca/products/21024953/b3/en/front/21024953_front_a06_@2.png","text":"about $21.78\n\nPresident's Choice\n\nFree From Rosemary and Garlic Australian Lamb\n\n$26.43/1kg"},{"image":"https://assets.shop.loblaws.ca/products/20798674/b3/en/front/20798674_front_a06_@2.png","text":"about $22.54\n\nPresident's Choice\n\nFree From Australian Lamb Shanks\n\n$19.82/1kg"},{"image":"https://assets.shop.loblaws.ca/products/20911445/b3/en/front/20911445_front_a06_@2.png","text":"$6.99\n\nZabiha Halal\n\nHalal Hot Dog, Supreme\n\n900 g, $0.78/100g"},{"image":"https://assets.shop.loblaws.ca/products/21397283/b3/en/front/21397283_front_a06_@2.png","text":"$7.00\n\nSufra\n\nLean Beef\n\n454 g, $1.54/100g"},{"image":"https://assets.shop.loblaws.ca/products/20664357/b3/en/front/20664357_front_a06_@2.png","text":"about $13.38\n\nPresident's Choice\n\nFree From Australian Lamb Loin Chops\n\n$29.74/1kg"},{"image":"https://assets.shop.loblaws.ca/products/21093684/b3/en/front/21093684_front_a06_@2.png","text":"$7.99\n\nSaputo\n\nGrilling Cheese Plain\n\n160 g, $4.99/100g"},{"image":"https://assets.shop.loblaws.ca/products/21033544/b3/en/front/21033544_front_a06_@2.png","text":"about $32.72\n\nSufra\n\nHalal Frozen Turkey\n\n$6.15/1kg"},{"image":"https://assets.shop.loblaws.ca/products/21020677/b3/en/front/21020677_front_a06_@2.png","text":"$3.99\n\nSufra\n\nHalal Chicken Wieners\n\n450 g, $0.89/100g"},{"image":"https://assets.shop.loblaws.ca/products/20660950/b3/en/front/20660950_front_a06_@2.png","text":"about $30.41\n\nPresident's Choice\n\nFree From Australian Lamb Frenched Rack\n\n$50.69/1kg"},{"image":"https://assets.shop.loblaws.ca/products/21192505/b3/en/front/21192505_front_a06_@2.png","text":"$12.49\n\nZabiha Halal\n\nChicken Breast Nuggets\n\n800 g, $1.56/100g"},{"image":"https://assets.shop.loblaws.ca/products/20911611/b3/en/front/20911611_front_a06_@2.png","text":"$4.99\n\nZabiha Halal\n\nSliced Cooked Chicken Breast Roast\n\n200 g, $2.50/100g"},{"image":"https://assets.shop.loblaws.ca/products/21020646/b3/en/front/21020646_front_a06_@2.png","text":"$6.49\n\nSufra\n\nHalal Sliced Chicken Bologna\n\n500 g, $1.30/100g"},{"image":"https://assets.shop.loblaws.ca/products/21192652/b3/en/front/21192652_front_a06_@2.png","text":"$12.49\n\nZabiha Halal\n\nChicken Breast Strips\n\n800 g, $1.56/100g"},{"image":"https://assets.shop.loblaws.ca/products/21023379/b3/en/front/21023379_front_a06_@2.png","text":"$6.99\n\nZabiha Halal\n\nSpicy Supreme Chicken Frankfurters\n\n900 g, $0.78/100g"},{"image":"https://assets.shop.loblaws.ca/products/20936921/b3/en/front/20936921_front_a06_@2.png","text":"about $8.26\n\nHalal Lean Ground Beef\n\n$16.51/1kg"},{"image":"https://assets.shop.loblaws.ca/products/21021507/b3/en/front/21021507_front_a06_@2.png","text":"$6.19\n\nSufra\n\nHalal Chicken Breast Strips\n\n375 g, $1.65/100g"},{"image":"https://assets.shop.loblaws.ca/products/21192447/b3/en/front/21192447_front_a06_@2.png","text":"$12.49\n\nZabiha Halal\n\nBreaded Chicken Burgers\n\n800 g, $1.56/100g"},{"image":"https://assets.shop.loblaws.ca/products/21045334/b3/en/front/21045334_front_a06_@2.png","text":"about $16.81\n\nLean Ground Halal Beef, Club Pack\n\n$14.31/1kg"},{"image":"https://assets.shop.loblaws.ca/products/21348499/b3/en/front/21348499_front_a06_@2.png","text":"$7.49\n\nOne World Halal\n\nChicken Salami With Herbs\n\n375 g, $2.00/100g"},{"image":"https://assets.shop.loblaws.ca/products/20660949/b3/en/front/20660949_front_a06_@2.png","text":"about $7.93\n\nPresident's Choice\n\nFree From Australian Lamb Shoulder Chops\n\n$26.43/1kg"},{"image":"https://assets.shop.loblaws.ca/products/21162954/b3/en/front/21162954_front_a06_@2.png","text":"$11.99\n\nOne World Halal\n\nBeef Patties Mild 9 Patties\n\n1.17 kg, $1.02/100g"},{"image":"https://assets.shop.loblaws.ca/products/20751093/b3/en/front/20751093_front_a06_@2.png","text":"about $7.42\n\nHalal Chicken Drumsticks\n\n$8.36/1kg"},{"image":"https://assets.shop.loblaws.ca/products/21000965/b3/en/front/21000965_front_a06_@2.png","text":"about $38.16\n\nSufra\n\nHalal Whole Chicken Club Pack\n\n$7.69/1kg"},{"image":"https://assets.shop.loblaws.ca/products/20767671/b3/en/front/20767671_front_a06_@2.png","text":"$65.99\n\nSargent Farms\n\nHalal Fresh Boneless Skinless Chicken Breast\n\n5 kg, $1.32/100g"},{"image":"https://assets.shop.loblaws.ca/products/20182548/b3/en/front/20182548_front_a06_@2.png","text":"about $13.56\n\nCrescent\n\nHalal Chicken Breast Skinless\n\n$13.43/1kg"},{"image":"https://assets.shop.loblaws.ca/products/20750090/b3/en/front/20750090_front_a06_@2.png","text":"about $9.53\n\nHalal Chicken Thighs with Back Attached, Tray Pack\n\n$6.81/1kg"},{"image":"https://assets.shop.loblaws.ca/products/20772554/b3/en/front/20772554_front_a06_@2.png","text":"about $20.23\n\nPresident's Choice\n\nFree From Greek Australian Lamb Sirloin Roast\n\n$39.66/1kg"},{"image":"https://assets.shop.loblaws.ca/products/20750088/b3/en/front/20750088_front_a06_@2.png","text":"about $15.38\n\nHalal Chicken Breasts, Boneless Skinless\n\n$14.97/1kg"},{"image":"https://assets.shop.loblaws.ca/products/20088387001/b3/en/front/20088387001_front_a06_@2.png","text":"about $0.44\n\nJalapeno Peppers\n\n$8.80/1kg"},{"image":"https://assets.shop.loblaws.ca/products/21454762001/b3/en/front/21454762001_front_a06_@2.png","text":"$3.00\n\nPresident's Choice\n\nJalapeno Hot Peppers\n\n226 g, $1.33/100g"},{"image":"https://assets.shop.loblaws.ca/products/20845869/b3/en/front/20845869_front_a06_@2.png","text":"$3.99\n\nPhysalis (Gooseberries)\n\n200 g, $2.00/100g"},{"image":"https://assets.shop.loblaws.ca/products/20147354011/b3/en/front/20147354011_front_a06_@2.png","text":"$1.99\n\nJarritos\n\nLime Soft Drink\n\n370 ml, $0.54/100ml"},{"image":"https://assets.shop.loblaws.ca/products/20147354007/b3/en/front/20147354007_front_a06_@2.png","text":"$1.99\n\nJarritos\n\nSoft Drink Mandarin Orange\n\n370 ml, $0.54/100ml"},{"image":"https://assets.shop.loblaws.ca/products/21040487/b3/en/front/21040487_front_a06_@2.png","text":"$1.99\n\nJarritos\n\nMexican Cola Soda with Natural and Artificial Flavours\n\n370 ml, $0.54/100ml"},{"image":"https://assets.shop.loblaws.ca/products/20980324/b3/en/front/20980324_front_a06_@2.png","text":"$2.99\n\nPiaxtla\n\nWhite Tortilla\n\n794 g, $0.38/100g"},{"image":"","text":"$2.99\n\nMaizteca\n\nWhite Tortilla\n\n850 g, $0.35/100g"},{"image":"https://assets.shop.loblaws.ca/products/20965690001/b3/en/front/20965690001_front_a06_@2.png","text":"$3.99\n\nAtemoya\n\n1 ea, $3.99/1ea"},{"image":"https://assets.shop.loblaws.ca/products/21454511001/b3/en/front/21454511001_front_a06_@2.png","text":"$4.00\n\nPresident's Choice\n\nHabanero Hot Peppers\n\n50 g, $8.00/100g"},{"image":"","text":"$7.99\n\nPan\n\nPre Cooked White Corn Flour\n\n2.27 kg, $0.35/100g"},{"image":"https://assets.shop.loblaws.ca/products/21018794/b3/en/front/21018794_front_a06_@2.png","text":"$2.99\n\nTortillas Corn\n\n765 g, $0.39/100g"},{"image":"https://assets.shop.loblaws.ca/products/21007574/b3/en/front/21007574_front_a06_@2.png","text":"$2.79\n\nCandesa\n\nFrozen Cassava\n\n500 g, $0.56/100g"},{"image":"https://assets.shop.loblaws.ca/products/21003382/b3/en/front/21003382_front_a06_@2.png","text":"$4.99\n\nRio Grande\n\nSoft Blend Dairy Spread\n\n454 g, $1.10/100g"},{"image":"https://assets.shop.loblaws.ca/products/21002071/b3/en/front/21002071_front_a06_@2.png","text":"$9.99\n\nCandesa\n\nCassava\n\n2.268 kg, $0.44/100g"},{"image":"https://assets.shop.loblaws.ca/products/20741716/b3/en/front/20741716_front_a06_@2.png","text":"$5.49\n\nCamil\n\nBean Preto\n\n1 kg, $0.55/100g"},{"image":"","text":"$3.49\n\nJuanita\n\nWhite Hominy\n\n822 g, $0.42/100g"},{"image":"https://assets.shop.loblaws.ca/products/21451419/b3/en/front/21451419_front_a06_@2.png","text":"$4.99\n\nCandesa\n\nPanela Denydrate Cane Juice\n\n1 kg, $0.50/100g"},{"image":"","text":"about $7.07\n\nWiri Wiri Peppers\n\n$35.35/1kg"},{"image":"https://assets.shop.loblaws.ca/products/21450848/b3/en/front/21450848_front_a06_@2.png","text":"$5.49\n\nLa Fe\n\nPanela\n\n908 g, $0.60/100g"},{"image":"https://assets.shop.loblaws.ca/products/20994913/b3/en/front/20994913_front_a06_@2.png","text":"$2.79\n\nBig Banana\n\nSweet Plantains\n\n312 g, $0.89/100g"},{"image":"https://assets.shop.loblaws.ca/products/20214582/b3/en/front/20214582_front_a06_@2.png","text":"$4.49\n\nRio Grande\n\nSeda Beans\n\n560 g, $0.80/100g"},{"image":"https://assets.shop.loblaws.ca/products/20068748/b3/en/front/20068748_front_a06_@2.png","text":"$4.99\n\nKuehne\n\nSauerkraut\n\n796 ml, $0.63/100ml"},{"image":"https://assets.shop.loblaws.ca/products/20046700/b3/en/front/20046700_front_a06_@2.png","text":"about $7.01\n\nPortuguese Cheese\n\nPort Span Quesofresco Wedge (By Weight)\n\n$2.19/100g"},{"image":"https://assets.shop.loblaws.ca/products/20002878/b3/en/front/20002878_front_a06_@2.png","text":"$1.99\n\nS&F\n\nCream Crackers\n\n200 g, $1.00/100g"},{"image":"https://assets.shop.loblaws.ca/products/20034492/b3/en/front/20034492_front_a06_@2.png","text":"$6.49\n\nBrandt\n\nLiver Sausage Chub\n\n250 g, $2.60/100g"},{"image":"https://assets.shop.loblaws.ca/products/20317795/b3/en/front/20317795_front_a06_@2.png","text":"$6.49\n\nBrandt\n\nLiver Sausage Chub\n\n250 g, $2.60/100g"},{"image":"https://assets.shop.loblaws.ca/products/20062206/b3/en/front/20062206_front_a06_@2.png","text":"$5.99\n\nVegeta\n\nFood Seasoning, No MSG added\n\n500 g, $1.20/100g"},{"image":"https://assets.shop.loblaws.ca/products/20021246/b3/en/front/20021246_front_a06_@2.png","text":"$10.99\n\nS&F\n\nRed Peppers, Roasted\n\n1.5 l, $0.73/100ml"},{"image":"https://assets.shop.loblaws.ca/products/20308190/b3/en/front/20308190_front_a06_@2.png","text":"$1.99\n\nBorges\n\nChourico Sausage, Hot\n\n$19.90/1kg"},{"image":"https://assets.shop.loblaws.ca/products/20075967/b3/en/front/20075967_front_a06_@2.png","text":"$8.79\n\nPortuguese Cheese\n\nFresh Cow Cheese\n\n500 g, $1.76/100g"},{"image":"https://assets.shop.loblaws.ca/products/20543253004/b3/en/front/20543253004_front_a06_@2.png","text":"$2.99\n\nS&F\n\nPortuguese Sardines in Water\n\n120 g, $2.49/100g"},{"image":"https://assets.shop.loblaws.ca/products/20007160/b3/en/front/20007160_front_a06_@2.png","text":"$6.69\n\nBalderson\n\nPort Salut Cheese\n\n150 g, $4.46/100g"},{"image":"https://assets.shop.loblaws.ca/products/20317309/b3/en/front/20317309_front_a06_@2.png","text":"$2.19\n\nBorges\n\nBacon Chunks, Mild\n\n$21.90/1kg"},{"image":"https://assets.shop.loblaws.ca/products/20157228/b3/en/front/20157228_front_a06_@2.png","text":"$3.49\n\nMarquis\n\nde Dijon Mustard, Extra Strong\n\n375 ml, $0.93/100ml"},{"image":"https://assets.shop.loblaws.ca/products/21369789/b3/en/front/21369789_front_a06_@2.png","text":"$6.99\n\nFerma\n\nSilverside\n\n450 g, $1.55/100g"},{"image":"https://assets.shop.loblaws.ca/products/20248035001/b3/en/front/20248035001_front_a06_@2.png","text":"$3.29\n\nFerma\n\nFrozen Peas & Carrots\n\n750 g, $0.44/100g"},{"image":"https://assets.shop.loblaws.ca/products/20123686/b3/en/front/20123686_front_a06_@2.png","text":"$8.59\n\nPortuguese Cheese\n\nFresh Goat Cheese\n\n350 g, $2.45/100g"},{"image":"https://assets.shop.loblaws.ca/products/21416387/b3/en/front/21416387_front_a06_@2.png","text":"$13.99\n\nMrakovic\n\nSliders Natural Halal Beef\n\n660 g, $2.12/100g"},{"image":"https://assets.shop.loblaws.ca/products/21367804/b3/en/front/21367804_front_a06_@2.png","text":"$7.29\n\nFrigosto\n\nFrozen And Precooked Cod Brs Style\n\n300 g, $2.43/100g"},{"image":"https://assets.shop.loblaws.ca/products/20104526/b3/en/front/20104526_front_a06_@2.png","text":"$1.99\n\nBorges\n\nExtra Hot Sausage\n\n$19.90/1kg"},{"image":"https://assets.shop.loblaws.ca/products/20188189/b3/en/front/20188189_front_a06_@2.png","text":"$2.19\n\nBorges\n\nBacon Chunks, Hot\n\n$21.90/1kg"},{"image":"https://assets.shop.loblaws.ca/products/21416392/b3/en/front/21416392_front_a06_@2.png","text":"$21.99\n\nMrakovic\n\nBurger The Big Balkan Pljeskavica\n\n1100 g, $2.00/100g"},{"image":"https://assets.shop.loblaws.ca/products/20070206002/b3/en/front/20070206002_front_a06_@2.png","text":"$3.99\n\nFerma\n\nBlack Turtle Beans\n\n750 g, $0.53/100g"},{"image":"https://assets.shop.loblaws.ca/products/20074826001/b3/en/front/20074826001_front_a06_@2.png","text":"$3.99\n\nFerma\n\nRed Kidney Beans\n\n750 g, $0.53/100g"},{"image":"https://assets.shop.loblaws.ca/products/20114123/b3/en/front/20114123_front_a06_@2.png","text":"$5.49\n\nItalpasta\n\nWhite Balsamic Vinaigrette\n\n350 ml, $1.57/100ml"},{"image":"https://assets.shop.loblaws.ca/products/21368289/b3/en/front/21368289_front_a06_@2.png","text":"$7.29\n\nFrigosto\n\nFrozen And Precooked Cod With Cream\n\n380 g, $1.92/100g"},{"image":"https://assets.shop.loblaws.ca/products/20304959/b3/en/front/20304959_front_a06_@2.png","text":"$1.99\n\nBorges\n\nBeirao Chourico, Mild\n\n$19.90/1kg"},{"image":"https://assets.shop.loblaws.ca/products/21416394/b3/en/front/21416394_front_a06_@2.png","text":"$13.99\n\nMrakovic\n\nBurger Natural Halal Beef\n\n678 g, $2.06/100g"},{"image":"","text":"about $3.94\n\nPortuguese Cheese\n\nPort Span Quesofresco Wheel\n\n$2.19/100g"},{"image":"https://assets.shop.loblaws.ca/products/20092532/b3/en/front/20092532_front_a06_@2.png","text":"$3.99\n\nFerma\n\nChick Peas\n\n750 g, $0.53/100g"},{"image":"https://assets.shop.loblaws.ca/products/20111382/b3/en/front/20111382_front_a06_@2.png","text":"$6.79\n\nFerma\n\nMedium Horse Mackerel\n\n750 g, $0.91/100g"},{"image":"https://assets.shop.loblaws.ca/products/21378669/b3/en/front/21378669_front_a06_@2.png","text":"$12.99\n\nMrakovic\n\nChevapi Small\n\n560 g, $2.32/100g"},{"image":"https://assets.shop.loblaws.ca/products/20074826003/b3/en/front/20074826003_front_a06_@2.png","text":"$3.99\n\nFerma\n\nWhite Kidney Beans\n\n750 g, $0.53/100g"},{"image":"https://assets.shop.loblaws.ca/products/20066373/b3/en/front/20066373_front_a06_@2.png","text":"$6.49\n\nFerma\n\nMackerel, Horse\n\n750 g, $0.87/100g"},{"image":"https://assets.shop.loblaws.ca/products/20025118/b3/en/front/20025118_front_a06_@2.png","text":"$3.99\n\nMolino Di Ferro\n\nInstant Polenta\n\n500 g, $0.80/100g"},{"image":"https://assets.shop.loblaws.ca/products/20543253002/b3/en/front/20543253002_front_a06_@2.png","text":"$2.99\n\nS&F\n\nPortuguese Sardines in Tomato Sauce\n\n120 g, $2.49/100g"},{"image":"https://assets.shop.loblaws.ca/products/20128304/b3/en/front/20128304_front_a06_@2.png","text":"$3.99\n\nFerma\n\nBlack Eyed Peas\n\n750 g, $0.53/100g"},{"image":"https://assets.shop.loblaws.ca/products/20747774/b3/en/front/20747774_front_a06_@2.png","text":"about $9.22\n\nTip Roast Sirloin\n\n$9.79/1kg"},{"image":"https://assets.shop.loblaws.ca/products/20654124/b3/en/front/20654124_front_a06_@2.png","text":"about $21.15\n\nChicken Breast Boneless & Skinless, Club Pack\n\n$18.72/1kg"},{"image":"https://assets.shop.loblaws.ca/products/21125124/b3/en/front/21125124_front_a06_@2.png","text":"$7.00\n\nLean Ground Beef\n\n500 g, $1.40/100g\n\n$6.50 MIN 2"},{"image":"https://assets.shop.loblaws.ca/products/20152629/b3/en/front/20152629_front_a06_@2.png","text":"$6.99\n\nPresident's Choice\n\nBacon\n\n500 g, $1.40/100g"},{"image":"https://assets.shop.loblaws.ca/products/20115704/b3/en/front/20115704_front_a06_@2.png","text":"$15.99\n\nPresident's Choice\n\nOld-Fashioned Style Bacon\n\n1 kg, $1.60/100g"},{"image":"https://assets.shop.loblaws.ca/products/21125121/b3/en/front/21125121_front_a06_@2.png","text":"$6.00\n\nMedium Ground Beef\n\n500 g, $1.20/100g\n\n$5.50 MIN 2"},{"image":"https://assets.shop.loblaws.ca/products/21125110/b3/en/front/21125110_front_a06_@2.png","text":"$8.00\n\nExtra Lean Ground Beef\n\n500 g, $1.60/100g\n\n$7.50 MIN 2"},{"image":"https://assets.shop.loblaws.ca/products/21100092/b3/en/front/21100092_front_a06_@2.png","text":"$8.00\n\nPC Blue Menu\n\nMinced Turkey\n\n454 g, $1.76/100g"},{"image":"https://assets.shop.loblaws.ca/products/20057892/b3/en/front/20057892_front_a06_@2.png","text":"$6.99\n\nPresident's Choice\n\nReduced Salt Bacon\n\n500 g, $1.40/100g"},{"image":"https://assets.shop.loblaws.ca/products/20559641/b3/en/front/20559641_front_a06_@2.png","text":"about $36.17\n\nCook's Portion Ham\n\n$8.80/1kg"},{"image":"https://assets.shop.loblaws.ca/products/20732366/b3/en/front/20732366_front_a06_@2.png","text":"$7.49\n\nMaple Leaf\n\nOriginal Natural Bacon\n\n375 g, $2.00/100g\n\n$6.50 MIN 2"},{"image":"https://assets.shop.loblaws.ca/products/20772671/b3/en/front/20772671_front_a06_@2.png","text":"$7.99\n\nSchneider\n\nHickory Smoked Classic Cut Bacon\n\n375 g, $2.13/100g"},{"image":"https://assets.shop.loblaws.ca/products/21100091/b3/en/front/21100091_front_a06_@2.png","text":"$8.00\n\nPC Blue Menu\n\nGround Chicken\n\n454 g, $1.76/100g"},{"image":"https://assets.shop.loblaws.ca/products/20174909/b3/en/front/20174909_front_a06_@2.png","text":"sale\n$5.00\n\nwas\n$6.00\n\nNo Name\n\nBacon, Mild Sugar Cured with Reduced Salt, Uncooked\n\n500 g, $1.00/100g\n\nSAVE $1.00"},{"image":"https://assets.shop.loblaws.ca/products/21290737/b3/en/front/21290737_front_a06_@2.png","text":"$12.49\n\nChicken Breast, Boneless, Skinless\n\n1 ea, $12.49/1ea"},{"image":"https://assets.shop.loblaws.ca/products/20156771/b3/en/front/20156771_front_a06_@2.png","text":"sale\n$5.00\n\nwas\n$6.00\n\nNo Name\n\nMild Sugar-Cured Bacon\n\n500 g, $1.00/100g\n\nSAVE $1.00"},{"image":"https://assets.shop.loblaws.ca/products/20153925/b3/en/front/20153925_front_a06_@2.png","text":"about $10.47\n\nChicken Leg (Back Attached) , Club Pack\n\n$8.80/1kg"},{"image":"https://assets.shop.loblaws.ca/products/21209114/b3/en/front/21209114_front_a06_@2.png","text":"$24.00\n\nTurkey, 5-7KG Frozen\n\n1 ea, $24.00/1ea"},{"image":"https://assets.shop.loblaws.ca/products/20069078/b3/en/front/20069078_front_a06_@2.png","text":"about $11.45\n\nPresident's Choice\n\nFree From Chicken Breast, Boneless, Skinless\n\n$22.02/1kg"},{"image":"https://assets.shop.loblaws.ca/products/20821992/b3/en/front/20821992_front_a06_@2.png","text":"about $23.34\n\nPresident's Choice\n\nFree From Chicken Breast, Boneless, Skinless, Club Pack\n\n$22.02/1kg"},{"image":"https://assets.shop.loblaws.ca/products/20119782/b3/en/front/20119782_front_a06_@2.png","text":"$7.99\n\nPresident's Choice\n\nFree From Mild Italian Pork Sausages\n\n500 g, $1.60/100g"},{"image":"https://assets.shop.loblaws.ca/products/21191828/b3/en/front/21191828_front_a06_@2.png","text":"sale\n$9.99\n\nwas\n$11.99\n\nJanes\n\nPub Style Chicken Strips, Fully Cooked\n\n700 g, $1.43/100g\n\nSAVE $2.00"},{"image":"https://assets.shop.loblaws.ca/products/20058192/b3/en/front/20058192_front_a06_@2.png","text":"$2.00\n\nNo Name\n\nChicken Hot Dogs\n\n450 g, $0.44/100g"},{"image":"https://assets.shop.loblaws.ca/products/20138827/b3/en/front/20138827_front_a06_@2.png","text":"$3.49\n\nFletchers\n\nSmokehouse Bacon\n\n500 g, $0.70/100g"},{"image":"https://assets.shop.loblaws.ca/products/20145891/b3/en/front/20145891_front_a06_@2.png","text":"about $46.14\n\nGrade A Fresh Turkey 5-7 Kg\n\n$7.69/1kg"},{"image":"https://assets.shop.loblaws.ca/products/21209103/b3/en/front/21209103_front_a06_@2.png","text":"$18.00\n\nTurkey 3-5KG, Frozen\n\n1 ea, $18.00/1ea"},{"image":"https://assets.shop.loblaws.ca/products/20002786/b3/en/front/20002786_front_a06_@2.png","text":"$3.00\n\nNo Name\n\nOriginal Hot Dogs\n\n450 g, $0.67/100g"},{"image":"https://assets.shop.loblaws.ca/products/20143858/b3/en/front/20143858_front_a06_@2.png","text":"$6.99\n\nJohnsonville\n\nOriginal Breakfast Sausage\n\n375 g, $1.86/100g"},{"image":"https://assets.shop.loblaws.ca/products/20883220/b3/en/front/20883220_front_a06_@2.png","text":"$7.49\n\nPresident's Choice\n\nFree From Lean Ground Pork\n\n454 g, $1.65/100g"},{"image":"https://assets.shop.loblaws.ca/products/20602429/b3/en/front/20602429_front_a06_@2.png","text":"$6.49\n\nSchneider\n\nRed Hots Original Hot Dogs\n\n375 g, $1.73/100g"},{"image":"https://assets.shop.loblaws.ca/products/21286266/b3/en/front/21286266_front_a06_@2.png","text":"$38.00\n\nButterball\n\nFrozen Turkey, 5-7 Kg\n\n6 kg, $0.63/100g"},{"image":"https://assets.shop.loblaws.ca/products/20162170/b3/en/front/20162170_front_a06_@2.png","text":"about $21.13\n\nChicken Thigh Boneless Skinless Club Pack\n\n$17.61/1kg"},{"image":"https://assets.shop.loblaws.ca/products/20821154/b3/en/front/20821154_front_a06_@2.png","text":"about $24.89\n\nPresident's Choice\n\nFree From Chicken Thigh, Boneless, Skinless, Club Pack\n\n$20.92/1kg"},{"image":"https://assets.shop.loblaws.ca/products/21366170/b3/en/front/21366170_front_a06_@2.png","text":"$6.99\n\nMarcangelo\n\nMarc Angelo Pork Sausages with Rapini and Parmigiano Reggiano Cheese 675 g\n\n675 g, $1.04/100g"},{"image":"https://assets.shop.loblaws.ca/products/21456120/b3/en/front/21456120_front_a06_@2.png","text":"about $18.23\n\nPresident's Choice\n\nWorld of Flavours Chicken Southern BBQ\n\n$13.21/1kg"},{"image":"https://assets.shop.loblaws.ca/products/20664357/b3/en/front/20664357_front_a06_@2.png","text":"about $13.38\n\nPresident's Choice\n\nFree From Australian Lamb Loin Chops\n\n$29.74/1kg"},{"image":"https://assets.shop.loblaws.ca/products/20172566/b3/en/front/20172566_front_a06_@2.png","text":"about $6.57\n\nMarvid Poultry\n\nKosher Chicken Legs\n\n$9.46/1kg"},{"image":"https://assets.shop.loblaws.ca/products/21430674/b3/en/front/21430674_front_a06_@2.png","text":"$12.00\n\nSufra\n\nSkin-on Chicken Drumsticks\n\n1.575 kg, $0.76/100g"},{"image":"","text":"about $30.32\n\nKosher Mehadrin\n\nBeef Skirt Steak\n\n$77.14/1kg"},{"image":"","text":"$5.00\n\nMeat Deal $5.00 Each\n\n1 ea, $5.00/1ea"},{"image":"https://assets.shop.loblaws.ca/products/20353305/b3/en/front/20353305_front_a06_@2.png","text":"about $8.43\n\nBoneless Pork Chop Center & Rib, Club Pack\n\n$11.00/1kg"},{"image":"https://assets.shop.loblaws.ca/products/20358065/b3/en/front/20358065_front_a06_@2.png","text":"about $17.08\n\nLean Ground Beef, Club Pack\n\n$13.21/1kg"},{"image":"https://assets.shop.loblaws.ca/products/20107226/b3/en/front/20107226_front_a06_@2.png","text":"about $7.78\n\nExtra Lean Ground Turkey\n\n$14.97/1kg"},{"image":"https://assets.shop.loblaws.ca/products/21440635/b3/en/front/21440635_front_a06_@2.png","text":"$9.99\n\nRea\n\nItalian Sausage\n\n720 g, $1.39/100g"},{"image":"https://assets.shop.loblaws.ca/products/20654611/b3/en/front/20654611_front_a06_@2.png","text":"about $7.71\n\nExtra Lean Ground Turkey\n\n$15.41/1kg"},{"image":"https://assets.shop.loblaws.ca/products/20003349/b3/en/front/20003349_front_a06_@2.png","text":"about $57.68\n\nPresident's Choice\n\nFresh Turkey, Whole (7-9Kg)\n\n$7.69/1kg"},{"image":"https://assets.shop.loblaws.ca/products/21185111/b3/en/front/21185111_front_a06_@2.png","text":"$20.00\n\nMaple Leaf\n\nBoneless Skinless Chicken Breasts, Raised on Canadian Farms\n\n1 ea, $20.00/1ea"},{"image":"https://assets.shop.loblaws.ca/products/20825243/b3/en/front/20825243_front_a06_@2.png","text":"about $10.71\n\nKing Cole\n\nSmoked Duck Breast\n\n$40.99/1kg"},{"image":"https://assets.shop.loblaws.ca/products/20654124/b3/en/front/20654124_front_a06_@2.png","text":"about $21.15\n\nChicken Breast Boneless & Skinless, Club Pack\n\n$18.72/1kg"},{"image":"https://assets.shop.loblaws.ca/products/21100092/b3/en/front/21100092_front_a06_@2.png","text":"$8.00\n\nPC Blue Menu\n\nMinced Turkey\n\n454 g, $1.76/100g"},{"image":"https://assets.shop.loblaws.ca/products/21100091/b3/en/front/21100091_front_a06_@2.png","text":"$8.00\n\nPC Blue Menu\n\nGround Chicken\n\n454 g, $1.76/100g"},{"image":"https://assets.shop.loblaws.ca/products/21290737/b3/en/front/21290737_front_a06_@2.png","text":"$12.49\n\nChicken Breast, Boneless, Skinless\n\n1 ea, $12.49/1ea"},{"image":"https://assets.shop.loblaws.ca/products/20153925/b3/en/front/20153925_front_a06_@2.png","text":"about $10.47\n\nChicken Leg (Back Attached) , Club Pack\n\n$8.80/1kg"},{"image":"https://assets.shop.loblaws.ca/products/21209114/b3/en/front/21209114_front_a06_@2.png","text":"$24.00\n\nTurkey, 5-7KG Frozen\n\n1 ea, $24.00/1ea"},{"image":"https://assets.shop.loblaws.ca/products/20069078/b3/en/front/20069078_front_a06_@2.png","text":"about $11.45\n\nPresident's Choice\n\nFree From Chicken Breast, Boneless, Skinless\n\n$22.02/1kg"},{"image":"https://assets.shop.loblaws.ca/products/20821992/b3/en/front/20821992_front_a06_@2.png","text":"about $23.34\n\nPresident's Choice\n\nFree From Chicken Breast, Boneless, Skinless, Club Pack\n\n$22.02/1kg"},{"image":"https://assets.shop.loblaws.ca/products/21191828/b3/en/front/21191828_front_a06_@2.png","text":"sale\n$9.99\n\nwas\n$11.99\n\nJanes\n\nPub Style Chicken Strips, Fully Cooked\n\n700 g, $1.43/100g\n\nSAVE $2.00"},{"image":"https://assets.shop.loblaws.ca/products/20145891/b3/en/front/20145891_front_a06_@2.png","text":"about $46.14\n\nGrade A Fresh Turkey 5-7 Kg\n\n$7.69/1kg"},{"image":"https://assets.shop.loblaws.ca/products/21209103/b3/en/front/21209103_front_a06_@2.png","text":"$18.00\n\nTurkey 3-5KG, Frozen\n\n1 ea, $18.00/1ea"},{"image":"https://assets.shop.loblaws.ca/products/21286266/b3/en/front/21286266_front_a06_@2.png","text":"$38.00\n\nButterball\n\nFrozen Turkey, 5-7 Kg\n\n6 kg, $0.63/100g"},{"image":"https://assets.shop.loblaws.ca/products/20162170/b3/en/front/20162170_front_a06_@2.png","text":"about $21.13\n\nChicken Thigh Boneless Skinless Club Pack\n\n$17.61/1kg"},{"image":"https://assets.shop.loblaws.ca/products/20821154/b3/en/front/20821154_front_a06_@2.png","text":"about $24.89\n\nPresident's Choice\n\nFree From Chicken Thigh, Boneless, Skinless, Club Pack\n\n$20.92/1kg"},{"image":"https://assets.shop.loblaws.ca/products/21201321/b3/en/front/21201321_front_a06_@2.png","text":"$7.99\n\nPresident's Choice\n\nPub Recipe Chicken Strips, Fully Cooked\n\n700 g, $1.14/100g"},{"image":"https://assets.shop.loblaws.ca/products/21191830/b3/en/front/21191830_front_a06_@2.png","text":"sale\n$9.99\n\nwas\n$11.99\n\nJanes\n\nPub Style Chicken Nugget, Fully Cooked\n\n700 g, $1.43/100g\n\nSAVE $2.00"},{"image":"https://assets.shop.loblaws.ca/products/20761916/b3/en/front/20761916_front_a06_@2.png","text":"about $10.23\n\nSplit Chicken Wings, Club Pack\n\n$11.00/1kg"},{"image":"https://assets.shop.loblaws.ca/products/20821170/b3/en/front/20821170_front_a06_@2.png","text":"about $18.67\n\nPresident's Choice\n\nFree From Split Chicken Wings, Club Pack\n\n$17.61/1kg"},{"image":"https://assets.shop.loblaws.ca/products/21447587/b3/en/front/21447587_front_a06_@2.png","text":"$10.00\n\nChicken Strips\n\n1.5 kg, $0.67/100g"},{"image":"https://assets.shop.loblaws.ca/products/20870551/b3/en/front/20870551_front_a06_@2.png","text":"$6.99\n\nButterball\n\nHomestyle Stuffing\n\n900 g, $0.78/100g"},{"image":"https://assets.shop.loblaws.ca/products/21284940/b3/en/front/21284940_front_a06_@2.png","text":"$38.00\n\nPresident's Choice\n\nButter Infused Young Turkey - Frozen - 5-7 kg\n\n1 ea"},{"image":"https://assets.shop.loblaws.ca/products/20058163/b3/en/front/20058163_front_a06_@2.png","text":"about $11.73\n\nChicken Thighs, Club Pack\n\n$9.46/1kg"},{"image":"https://assets.shop.loblaws.ca/products/21191970/b3/en/front/21191970_front_a06_@2.png","text":"sale\n$9.99\n\nwas\n$11.99\n\nJanes\n\nPub Style Chicken Burger, Fully Cooked\n\n700 g, $1.43/100g\n\nSAVE $2.00"},{"image":"https://assets.shop.loblaws.ca/products/21209120/b3/en/front/21209120_front_a06_@2.png","text":"$30.00\n\nTurkey 7-9KG, Frozen\n\n1 ea, $30.00/1ea"},{"image":"https://assets.shop.loblaws.ca/products/20706483/b3/en/front/20706483_front_a06_@2.png","text":"$8.00\n\nMaple Leaf\n\nPrime Chicken Ground Lean\n\n454 g, $1.76/100g"},{"image":"https://assets.shop.loblaws.ca/products/20811960/b3/en/front/20811960_front_a06_@2.png","text":"$8.00\n\nMaple Leaf\n\nPrime Extra Lean Ground Turkey\n\n454 g, $1.76/100g"},{"image":"https://assets.shop.loblaws.ca/products/21447595/b3/en/front/21447595_front_a06_@2.png","text":"$10.00\n\nChicken Nuggets\n\n1.5 kg, $0.67/100g"},{"image":"https://assets.shop.loblaws.ca/products/21430678/b3/en/front/21430678_front_a06_@2.png","text":"$12.00\n\nSufra\n\nBoneless Skinless Chicken Breasts\n\n645 g, $1.86/100g"},{"image":"https://assets.shop.loblaws.ca/products/20111346/b3/en/front/20111346_front_a06_@2.png","text":"about $9.47\n\nPresident's Choice\n\nFree From Air Chilled Chicken Breast Cutlet, Tray Pack\n\n$22.02/1kg"},{"image":"https://assets.shop.loblaws.ca/products/21377745/b3/en/front/21377745_front_a06_@2.png","text":"$24.99\n\nButterball\n\nBoneless Turkey Breast Roast\n\n1.5 kg, $1.67/100g"},{"image":"https://assets.shop.loblaws.ca/products/21204934/b3/en/front/21204934_front_a06_@2.png","text":"about $14.08\n\nPresident's Choice\n\nFree From Air Chilled Chicken Thighs, Club Pack\n\n$11.00/1kg"},{"image":"https://assets.shop.loblaws.ca/products/21488006/b3/en/front/21488006_front_a06_@2.png","text":"$24.99\n\nButterball\n\nBoneless Stuffed Turkey Ball Frozen\n\n1.5 kg, $1.67/100g"},{"image":"https://assets.shop.loblaws.ca/products/21295177/b3/en/front/21295177_front_a06_@2.png","text":"$8.00\n\nMaple Leaf\n\nBoneless Skinless Chicken Breasts, Raised on Canadian Farms\n\n1 ea, $8.00/1ea"},{"image":"https://assets.shop.loblaws.ca/products/21178744/b3/en/front/21178744_front_a06_@2.png","text":"$6.00\n\nNo Name\n\nBreaded Chicken Cutlettes Chicken Strips\n\n908 g, $0.66/100g"},{"image":"https://assets.shop.loblaws.ca/products/21191827/b3/en/front/21191827_front_a06_@2.png","text":"sale\n$9.99\n\nwas\n$11.99\n\nJanes\n\nPopcorn Chicken, Fully Cooked\n\n700 g, $1.43/100g\n\nSAVE $2.00"},{"image":"https://assets.shop.loblaws.ca/products/21531746/b3/en/front/21531746_front_a06_@2.png","text":"$5.00\n\nPopcorn Chicken Bites\n\n650 g, $0.77/100g"},{"image":"https://assets.shop.loblaws.ca/products/21540950/b3/en/front/21540950_front_a06_@2.png","text":"New\n\nabout $16.96\n\nPresident's Choice\n\nFree From Whole Chicken Air Chilled\n\n$11.00/1kg"},{"image":"https://assets.shop.loblaws.ca/products/21456120/b3/en/front/21456120_front_a06_@2.png","text":"about $18.23\n\nPresident's Choice\n\nWorld of Flavours Chicken Southern BBQ\n\n$13.21/1kg"},{"image":"https://assets.shop.loblaws.ca/products/20172566/b3/en/front/20172566_front_a06_@2.png","text":"about $6.57\n\nMarvid Poultry\n\nKosher Chicken Legs\n\n$9.46/1kg"},{"image":"https://assets.shop.loblaws.ca/products/21430674/b3/en/front/21430674_front_a06_@2.png","text":"$12.00\n\nSufra\n\nSkin-on Chicken Drumsticks\n\n1.575 kg, $0.76/100g"},{"image":"https://assets.shop.loblaws.ca/products/20654708/b3/en/front/20654708_front_a06_@2.png","text":"about $6.10\n\nChicken Drumsticks\n\n$9.90/1kg"},{"image":"https://assets.shop.loblaws.ca/products/20107226/b3/en/front/20107226_front_a06_@2.png","text":"about $7.78\n\nExtra Lean Ground Turkey\n\n$14.97/1kg"},{"image":"https://assets.shop.loblaws.ca/products/20974253/b3/en/front/20974253_front_a06_@2.png","text":"about $14.20\n\nOrganic Whole Fryer Chicken\n\n$10.34/1kg"},{"image":"https://assets.shop.loblaws.ca/products/20654611/b3/en/front/20654611_front_a06_@2.png","text":"about $7.71\n\nExtra Lean Ground Turkey\n\n$15.41/1kg"},{"image":"https://assets.shop.loblaws.ca/products/20003349/b3/en/front/20003349_front_a06_@2.png","text":"about $57.68\n\nPresident's Choice\n\nFresh Turkey, Whole (7-9Kg)\n\n$7.69/1kg"},{"image":"https://assets.shop.loblaws.ca/products/21124859/b3/en/front/21124859_front_a06_@2.png","text":"about $6.86\n\nPresident's Choice\n\nFree From Turkey Thighs\n\n$11.00/1kg"},{"image":"https://assets.shop.loblaws.ca/products/20083150/b3/en/front/20083150_front_a06_@2.png","text":"about $11.66\n\nKosher Chicken Drumstick, Club Pack\n\n$11.00/1kg"},{"image":"https://assets.shop.loblaws.ca/products/20751093/b3/en/front/20751093_front_a06_@2.png","text":"about $7.42\n\nHalal Chicken Drumsticks\n\n$8.36/1kg"},{"image":"https://assets.shop.loblaws.ca/products/20747774/b3/en/front/20747774_front_a06_@2.png","text":"about $9.22\n\nTip Roast Sirloin\n\n$9.79/1kg"},{"image":"https://assets.shop.loblaws.ca/products/21125124/b3/en/front/21125124_front_a06_@2.png","text":"$7.00\n\nLean Ground Beef\n\n500 g, $1.40/100g\n\n$6.50 MIN 2"},{"image":"https://assets.shop.loblaws.ca/products/21125121/b3/en/front/21125121_front_a06_@2.png","text":"$6.00\n\nMedium Ground Beef\n\n500 g, $1.20/100g\n\n$5.50 MIN 2"},{"image":"https://assets.shop.loblaws.ca/products/21125110/b3/en/front/21125110_front_a06_@2.png","text":"$8.00\n\nExtra Lean Ground Beef\n\n500 g, $1.60/100g\n\n$7.50 MIN 2"},{"image":"https://assets.shop.loblaws.ca/products/21406595/b3/en/front/21406595_front_a06_@2.png","text":"$9.00\n\nPresident's Choice\n\nCertified Angus Beef, Extra Lean Ground Sirloin\n\n454 g, $1.98/100g"},{"image":"https://assets.shop.loblaws.ca/products/20358065/b3/en/front/20358065_front_a06_@2.png","text":"about $17.08\n\nLean Ground Beef, Club Pack\n\n$13.21/1kg"},{"image":"https://assets.shop.loblaws.ca/products/20357910/b3/en/front/20357910_front_a06_@2.png","text":"about $16.32\n\nExtra Lean Ground Beef, Club Pack\n\n$14.97/1kg"},{"image":"https://assets.shop.loblaws.ca/products/20357671/b3/en/front/20357671_front_a06_@2.png","text":"about $14.83\n\nMedium Ground Beef, Club Pack\n\n$11.44/1kg"},{"image":"https://assets.shop.loblaws.ca/products/21218152/b3/en/front/21218152_front_a06_@2.png","text":"$9.00\n\nPresident's Choice\n\nFree From Lean Ground Beef\n\n454 g, $1.98/100g"},{"image":"https://assets.shop.loblaws.ca/products/21210226/b3/en/front/21210226_front_a06_@2.png","text":"$6.00\n\nLean Ground Beef\n\n454 g, $1.32/100g"},{"image":"https://assets.shop.loblaws.ca/products/20603111/b3/en/front/20603111_front_a06_@2.png","text":"sale\n$14.99\n\nwas\n$15.99\n\nPresident's Choice\n\nSirloin Beef Meatballs\n\n907 g, $1.65/100g\n\nSAVE $1.00"},{"image":"https://assets.shop.loblaws.ca/products/21210231/b3/en/front/21210231_front_a06_@2.png","text":"$5.00\n\nMedium Ground Beef\n\n454 g, $1.10/100g"},{"image":"https://assets.shop.loblaws.ca/products/21526930/b3/en/front/21526930_front_a06_@2.png","text":"New\n\n$10.00\n\nItalian Meatballs\n\n1.5 kg, $0.67/100g"},{"image":"https://assets.shop.loblaws.ca/products/20941230/b3/en/front/20941230_front_a06_@2.png","text":"$16.99\n\nPresident's Choice\n\nThick &JuicyPrime Rib Beef Burger\n\n1.13 kg, $1.50/100g"},{"image":"https://assets.shop.loblaws.ca/products/20941443/b3/en/front/20941443_front_a06_@2.png","text":"$16.99\n\nPresident's Choice\n\nThick &JuicySirloin Beef Burgers\n\n1.13 kg, $1.50/100g"},{"image":"https://assets.shop.loblaws.ca/products/20861188/b3/en/front/20861188_front_a06_@2.png","text":"about $15.85\n\nLean Ground Beef & Pork\n\n$13.21/1kg"},{"image":"","text":"about $30.32\n\nKosher Mehadrin\n\nBeef Skirt Steak\n\n$77.14/1kg"},{"image":"","text":"$5.00\n\nMeat Deal $5.00 Each\n\n1 ea, $5.00/1ea"},{"image":"https://assets.shop.loblaws.ca/products/21100759/b3/en/front/21100759_front_a06_@2.png","text":"about $23.78\n\nBeef Striploin Club Pack\n\n$27.98/1kg"},{"image":"","text":"$2.79\n\nMeat Deal $2.75 Each\n\n1 ea, $2.79/1ea"},{"image":"https://assets.shop.loblaws.ca/products/21219112/b3/en/front/21219112_front_a06_@2.png","text":"about $17.90\n\nPresident's Choice\n\nFree From Boneless Rib Steak\n\n$61.71/1kg"},{"image":"https://assets.shop.loblaws.ca/products/20357703/b3/en/front/20357703_front_a06_@2.png","text":"about $16.75\n\nCap Off Rib Steak\n\n$41.87/1kg"},{"image":"https://assets.shop.loblaws.ca/products/20358171/b3/en/front/20358171_front_a06_@2.png","text":"about $20.92\n\nStewing Beef, Boneless, Club Pack\n\n$20.92/1kg"},{"image":"https://assets.shop.loblaws.ca/products/20357815/b3/en/front/20357815_front_a06_@2.png","text":"about $26.83\n\nBeef Braising Ribs Club Pack\n\n$30.84/1kg"},{"image":"https://assets.shop.loblaws.ca/products/20357989/b3/en/front/20357989_front_a06_@2.png","text":"about $17.05\n\nBoneless Chuck Tender Steak, Club Pack\n\n$19.82/1kg"},{"image":"https://assets.shop.loblaws.ca/products/20858871/b3/en/front/20858871_front_a06_@2.png","text":"about $4.94\n\nBeef Soup Bones\n\n$6.59/1kg"},{"image":"","text":"about $6.04\n\nMeat Deal $6.59 Kg\n\n$6.59/1kg"},{"image":"https://assets.shop.loblaws.ca/products/20531230/b3/en/front/20531230_front_a06_@2.png","text":"about $11.69\n\nLean Ground Beef, Club Pack\n\n$9.02/1kg"},{"image":"","text":"$6.00\n\nMarcangelo\n\nBeef Burger, Salt & Pepper\n\n340 g, $1.76/100g"},{"image":"https://assets.shop.loblaws.ca/products/21075314/b3/en/front/21075314_front_a06_@2.png","text":"about $33.31\n\nTop Blade, Boneless Beef Roast\n\n$23.13/1kg"},{"image":"https://assets.shop.loblaws.ca/products/20870227/b3/en/front/20870227_front_a06_@2.png","text":"$14.99\n\nButterfish Fillet\n\n800 g, $1.87/100g"},{"image":"https://assets.shop.loblaws.ca/products/21382527/b3/en/front/21382527_front_a06_@2.png","text":"$12.00\n\nMarcangelo\n\nHomestyle Burgers Flame Grilled Value Pack\n\n850 g, $1.41/100g"},{"image":"","text":"about $26.78\n\nKosher Mehadrin\n\nBeef Short Ribs\n\n$59.50/1kg"},{"image":"","text":"about $10.16\n\nMeat Deal $11.00 Kg\n\n$11.00/1kg"},{"image":"https://assets.shop.loblaws.ca/products/21210221/b3/en/front/21210221_front_a06_@2.png","text":"$7.00\n\nExtra Lean Ground Beef\n\n454 g, $1.54/100g"},{"image":"https://assets.shop.loblaws.ca/products/20941202/b3/en/front/20941202_front_a06_@2.png","text":"$16.99\n\nPC Blue Menu\n\nSirloin Beef Burger\n\n1.02 kg, $1.67/100g"},{"image":"https://assets.shop.loblaws.ca/products/20357976/b3/en/front/20357976_front_a06_@2.png","text":"about $6.84\n\nBeef Shank, Sliced Bone-In\n\n$16.51/1kg"},{"image":"https://assets.shop.loblaws.ca/products/20728375/b3/en/front/20728375_front_a06_@2.png","text":"$24.99\n\nNavel Beef\n\n3.18 kg, $0.79/100g"},{"image":"https://assets.shop.loblaws.ca/products/21125145/b3/en/front/21125145_front_a06_@2.png","text":"$9.29\n\nLean Ground Beef\n\n500 g, $1.86/100g"},{"image":"","text":"$0.02\n\nMeat Reduction Non Taxable\n\n1 ea, $0.02/1ea"},{"image":"https://assets.shop.loblaws.ca/products/20357885/b3/en/front/20357885_front_a06_@2.png","text":"about $19.49\n\nTop Sirloin Roast\n\n$19.82/1kg"},{"image":"https://assets.shop.loblaws.ca/products/20357723/b3/en/front/20357723_front_a06_@2.png","text":"about $28.65\n\nStriploin Steak, Club Pack\n\n$35.25/1kg"},{"image":"https://assets.shop.loblaws.ca/products/20357559/b3/en/front/20357559_front_a06_@2.png","text":"about $21.89\n\nBlade Roast, Boneless\n\n$25.33/1kg"},{"image":"https://assets.shop.loblaws.ca/products/20503346/b3/en/front/20503346_front_a06_@2.png","text":"sale\n$14.99\n\nwas\n$15.99\n\nPresident's Choice\n\nMeatballs, Italian Style\n\n907 g, $1.65/100g\n\nSAVE $1.00"},{"image":"https://assets.shop.loblaws.ca/products/20956689/b3/en/front/20956689_front_a06_@2.png","text":"$15.99\n\nPresident's Choice\n\nThick &JuicyChicken Burgers\n\n1.13 kg, $1.42/100g"},{"image":"https://assets.shop.loblaws.ca/products/20941343/b3/en/front/20941343_front_a06_@2.png","text":"$16.99\n\nPresident's Choice\n\nThick &JuicyBeef Burgers\n\n1.36 kg, $1.25/100g"},{"image":"https://assets.shop.loblaws.ca/products/20114154/b3/en/front/20114154_front_a06_@2.png","text":"$15.99\n\nNo Name\n\nBeef Burger 4 Oz\n\n1.36 kg, $1.18/100g"},{"image":"https://assets.shop.loblaws.ca/products/20503320/b3/en/front/20503320_front_a06_@2.png","text":"sale\n$14.99\n\nwas\n$15.99\n\nPresident's Choice\n\nSwedish Beef Meatballs\n\n907 g, $1.65/100g\n\nSAVE $1.00"},{"image":"https://assets.shop.loblaws.ca/products/21095546/b3/en/front/21095546_front_a06_@2.png","text":"$12.99\n\nPresident's Choice\n\nWorld Of Flavours Canadian Maple Apple Butter Roast\n\n730 g, $1.78/100g"},{"image":"https://assets.shop.loblaws.ca/products/21041735/b3/en/front/21041735_front_a06_@2.png","text":"$12.99\n\nMarcangelo\n\nChicken Souvlaki, Value Pack\n\n480 g, $2.71/100g"},{"image":"https://assets.shop.loblaws.ca/products/21095540/b3/en/front/21095540_front_a06_@2.png","text":"$12.99\n\nPresident's Choice\n\nWorld Of Flavours Greek Seasoned Pork Loin Roast\n\n730 g, $1.78/100g"},{"image":"https://assets.shop.loblaws.ca/products/21098855/b3/en/front/21098855_front_a06_@2.png","text":"$12.49\n\nMarcangelo\n\nPork Souvlaki, Value Pack\n\n640 g, $1.95/100g"},{"image":"https://assets.shop.loblaws.ca/products/21095511/b3/en/front/21095511_front_a06_@2.png","text":"sale\n$12.99\n\nwas\n$14.49\n\nPresident's Choice\n\nWorlds of Flavors Carnitas Pork Shoulder\n\n900 g, $1.44/100g\n\nSAVE $1.50"},{"image":"https://assets.shop.loblaws.ca/products/21205736/b3/en/front/21205736_front_a06_@2.png","text":"sale\n$12.99\n\nwas\n$13.99\n\nPresident's Choice\n\nBarbecue Seasoned Pork Shoulder Blade (World Of Flavours )\n\n900 g, $1.44/100g\n\nSAVE $1.00"},{"image":"https://assets.shop.loblaws.ca/products/21378258/b3/en/front/21378258_front_a06_@2.png","text":"$12.99\n\nMarcangelo\n\nChicken Breast Medallions Bacon Wrapped 452 g\n\n452 g, $2.87/100g"},{"image":"https://assets.shop.loblaws.ca/products/21025464/b3/en/front/21025464_front_a06_@2.png","text":"$12.99\n\nMarcangelo\n\nBacon Wrapped Beef\n\n340 g, $3.82/100g"},{"image":"https://assets.shop.loblaws.ca/products/20784773/b3/en/front/20784773_front_a06_@2.png","text":"$6.00\n\nSouthwestern Style Pork Loin Steaks\n\n380 g, $1.58/100g"},{"image":"https://assets.shop.loblaws.ca/products/21096334/b3/en/front/21096334_front_a06_@2.png","text":"$9.49\n\nPresident's Choice\n\nWorld Of Flavours Greek Seasoned Pork Loin Chops\n\n440 g, $2.16/100g"},{"image":"https://assets.shop.loblaws.ca/products/21406818/b3/en/front/21406818_front_a06_@2.png","text":"$10.99\n\nMarcangelo\n\nChicken Breasts With Spinach And Feta\n\n350 g, $3.14/100g"},{"image":"https://assets.shop.loblaws.ca/products/21290654/b3/en/front/21290654_front_a06_@2.png","text":"$26.99\n\nMarcangelo\n\nBacon Wrapped Beef Medallion, Value Pack\n\n678 g, $3.98/100g"},{"image":"https://assets.shop.loblaws.ca/products/21025498/b3/en/front/21025498_front_a06_@2.png","text":"$15.29\n\nMarcangelo\n\nBacon Wrapped Turkey\n\n340 g, $4.50/100g"},{"image":"https://assets.shop.loblaws.ca/products/21339953/b3/en/front/21339953_front_a06_@2.png","text":"$17.99\n\nMarcangelo\n\nTurkey Breast Roast Wrap Bacon\n\n600 g, $3.00/100g"},{"image":"https://assets.shop.loblaws.ca/products/20986022/b3/en/front/20986022_front_a06_@2.png","text":"$11.00\n\nRib Eye Steaks, 2 Pack\n\n290 g, $3.79/100g"},{"image":"https://assets.shop.loblaws.ca/products/20985996/b3/en/front/20985996_front_a06_@2.png","text":"$11.00\n\nRib Eye Steaks, Montreal Spice\n\n290 g, $3.79/100g"},{"image":"https://assets.shop.loblaws.ca/products/21339728/b3/en/front/21339728_front_a06_@2.png","text":"$11.49\n\nMarcangelo\n\nSweet Chili Lime Pork Sirloin Roast\n\n800 g, $1.44/100g"},{"image":"https://assets.shop.loblaws.ca/products/21536880/b3/en/front/21536880_front_a06_@2.png","text":"$9.99\n\nMarcangelo\n\nBacon Twisters, Bacon Wrapped Chicken Skewers\n\n280 g, $3.57/100g"},{"image":"https://assets.shop.loblaws.ca/products/21340335/b3/en/front/21340335_front_a06_@2.png","text":"$12.99\n\nMarcangelo\n\nBbq Flavour Bacon Wrapped Pork Loin Centre Cut Roast\n\n600 g, $2.17/100g"},{"image":"https://assets.shop.loblaws.ca/products/21535676/b3/en/front/21535676_front_a06_@2.png","text":"$9.99\n\nMarcangelo\n\nLamb Skewers, Middle Eastern Style\n\n240 g, $4.16/100g"},{"image":"https://assets.shop.loblaws.ca/products/21095535/b3/en/front/21095535_front_a06_@2.png","text":"$9.49\n\nPresident's Choice\n\nJerk Frenched Chops\n\n440 g, $2.16/100g"},{"image":"https://assets.shop.loblaws.ca/products/21496886/b3/en/front/21496886_front_a06_@2.png","text":"$7.99\n\nMarcangelo\n\nPork Medallions Bacon Wrapped\n\n340 g, $2.35/100g"},{"image":"https://assets.shop.loblaws.ca/products/21339900/b3/en/front/21339900_front_a06_@2.png","text":"$14.59\n\nMarcangelo\n\nHawaiian Style Bacon Wrapped Pork Loin Centre Cut Roast\n\n600 g, $2.43/100g"},{"image":"https://assets.shop.loblaws.ca/products/20844458/b3/en/front/20844458_front_a06_@2.png","text":"$7.00\n\nBeef Rib Eye Steak\n\n170 g, $4.12/100g"},{"image":"https://assets.shop.loblaws.ca/products/21290159/b3/en/front/21290159_front_a06_@2.png","text":"$7.99\n\nMarcangelo\n\nTwister Chicken Breast Kabobs Wrapped in Bacon Bold BBQ\n\n280 g, $2.85/100g"},{"image":"https://assets.shop.loblaws.ca/products/21290361/b3/en/front/21290361_front_a06_@2.png","text":"$12.99\n\nMarcangelo\n\nMarinated Beef Short Ribs, Honey Barbeque\n\n500 g, $2.60/100g"},{"image":"https://assets.shop.loblaws.ca/products/21095022/b3/en/front/21095022_front_a06_@2.png","text":"$2.49\n\nMarcangelo\n\nChicken Breast Souvlaki, 2 Pack\n\n120 g, $2.08/100g"},{"image":"https://assets.shop.loblaws.ca/products/21535661/b3/en/front/21535661_front_a06_@2.png","text":"$9.99\n\nMarcangelo\n\nBeef Skewers, Korean Style BBQ\n\n200 g, $5.00/100g"},{"image":"https://assets.shop.loblaws.ca/products/21340327/b3/en/front/21340327_front_a06_@2.png","text":"$17.39\n\nMarcangelo\n\nStuffed With Pork Sausage, Cranberry & Apple Turkey Breast Roast\n\n600 g, $2.90/100g"},{"image":"https://assets.shop.loblaws.ca/products/21205839/b3/en/front/21205839_front_a06_@2.png","text":"$24.23\n\nPresident's Choice\n\nSeasoned Chimi Beef Tri Tip Roast\n\n$24.23/1kg"},{"image":"https://assets.shop.loblaws.ca/products/21523540/b3/en/front/21523540_front_a06_@2.png","text":"$14.99\n\nPresident's Choice\n\nWorld of Flavours Korean-Style Beef Short Ribs\n\n500 g, $3.00/100g"},{"image":"https://assets.shop.loblaws.ca/products/21406831/b3/en/front/21406831_front_a06_@2.png","text":"$10.99\n\nMarcangelo\n\nChicken Breasts With Asparagus And Mozzarella\n\n350 g, $3.14/100g"},{"image":"https://assets.shop.loblaws.ca/products/21340711/b3/en/front/21340711_front_a06_@2.png","text":"$6.99\n\nMarcangelo\n\nMontreal Steak Spice Pork Loin Centre Cut Chops\n\n400 g, $1.75/100g"},{"image":"https://assets.shop.loblaws.ca/products/21290365/b3/en/front/21290365_front_a06_@2.png","text":"$7.99\n\nMarcangelo\n\nTwister Chicken Breast Kabobs wrapped in Bacon N Honey BBQ\n\n280 g, $2.85/100g"},{"image":"https://assets.shop.loblaws.ca/products/21185131/b3/en/front/21185131_front_a06_@2.png","text":"$8.00\n\nMarcangelo\n\nMa Zestyitalian Chicken Tips\n\n600 g, $1.33/100g"},{"image":"https://assets.shop.loblaws.ca/products/20902208/b3/en/front/20902208_front_a06_@2.png","text":"$2.59\n\nMarcangelo\n\nSouvlaki Kabob\n\n120 g, $2.16/100g"},{"image":"https://assets.shop.loblaws.ca/products/20987429/b3/en/front/20987429_front_a06_@2.png","text":"$17.00\n\nNew York Strip Loin, Montreal Spice\n\n450 g, $3.78/100g"},{"image":"https://assets.shop.loblaws.ca/products/20152629/b3/en/front/20152629_front_a06_@2.png","text":"$6.99\n\nPresident's Choice\n\nBacon\n\n500 g, $1.40/100g"},{"image":"https://assets.shop.loblaws.ca/products/20115704/b3/en/front/20115704_front_a06_@2.png","text":"$15.99\n\nPresident's Choice\n\nOld-Fashioned Style Bacon\n\n1 kg, $1.60/100g"},{"image":"https://assets.shop.loblaws.ca/products/20057892/b3/en/front/20057892_front_a06_@2.png","text":"$6.99\n\nPresident's Choice\n\nReduced Salt Bacon\n\n500 g, $1.40/100g"},{"image":"https://assets.shop.loblaws.ca/products/20732366/b3/en/front/20732366_front_a06_@2.png","text":"$7.49\n\nMaple Leaf\n\nOriginal Natural Bacon\n\n375 g, $2.00/100g\n\n$6.50 MIN 2"},{"image":"https://assets.shop.loblaws.ca/products/20772671/b3/en/front/20772671_front_a06_@2.png","text":"$7.99\n\nSchneider\n\nHickory Smoked Classic Cut Bacon\n\n375 g, $2.13/100g"},{"image":"https://assets.shop.loblaws.ca/products/20174909/b3/en/front/20174909_front_a06_@2.png","text":"sale\n$5.00\n\nwas\n$6.00\n\nNo Name\n\nBacon, Mild Sugar Cured with Reduced Salt, Uncooked\n\n500 g, $1.00/100g\n\nSAVE $1.00"},{"image":"https://assets.shop.loblaws.ca/products/20156771/b3/en/front/20156771_front_a06_@2.png","text":"sale\n$5.00\n\nwas\n$6.00\n\nNo Name\n\nMild Sugar-Cured Bacon\n\n500 g, $1.00/100g\n\nSAVE $1.00"},{"image":"https://assets.shop.loblaws.ca/products/20119782/b3/en/front/20119782_front_a06_@2.png","text":"$7.99\n\nPresident's Choice\n\nFree From Mild Italian Pork Sausages\n\n500 g, $1.60/100g"},{"image":"https://assets.shop.loblaws.ca/products/20058192/b3/en/front/20058192_front_a06_@2.png","text":"$2.00\n\nNo Name\n\nChicken Hot Dogs\n\n450 g, $0.44/100g"},{"image":"https://assets.shop.loblaws.ca/products/20138827/b3/en/front/20138827_front_a06_@2.png","text":"$3.49\n\nFletchers\n\nSmokehouse Bacon\n\n500 g, $0.70/100g"},{"image":"https://assets.shop.loblaws.ca/products/20002786/b3/en/front/20002786_front_a06_@2.png","text":"$3.00\n\nNo Name\n\nOriginal Hot Dogs\n\n450 g, $0.67/100g"},{"image":"https://assets.shop.loblaws.ca/products/20143858/b3/en/front/20143858_front_a06_@2.png","text":"$6.99\n\nJohnsonville\n\nOriginal Breakfast Sausage\n\n375 g, $1.86/100g"},{"image":"https://assets.shop.loblaws.ca/products/20602429/b3/en/front/20602429_front_a06_@2.png","text":"$6.49\n\nSchneider\n\nRed Hots Original Hot Dogs\n\n375 g, $1.73/100g"},{"image":"https://assets.shop.loblaws.ca/products/21048165/b3/en/front/21048165_front_a06_@2.png","text":"$6.99\n\nPresident's Choice\n\nFree From Bacon Naturally Smoked\n\n0.375 kg, $1.86/100g"},{"image":"https://assets.shop.loblaws.ca/products/20117351/b3/en/front/20117351_front_a06_@2.png","text":"$6.99\n\nPresident's Choice\n\nMaple Flavoured Naturally Smoked Bacon\n\n500 g, $1.40/100g"},{"image":"https://assets.shop.loblaws.ca/products/20311438/b3/en/front/20311438_front_a06_@2.png","text":"$6.99\n\nJohnsonville\n\nMaple Breakfast Sausage\n\n375 g, $1.86/100g"},{"image":"https://assets.shop.loblaws.ca/products/20720612/b3/en/front/20720612_front_a06_@2.png","text":"$6.99\n\nPresident's Choice\n\nFree From Original Breakfast Pork Sausages\n\n375 g, $1.86/100g"},{"image":"https://assets.shop.loblaws.ca/products/21093477/b3/en/front/21093477_front_a06_@2.png","text":"$6.49\n\nMaple Leaf\n\nNatural Top Dogs Original Hot Dogs\n\n375 g, $1.73/100g"},{"image":"https://assets.shop.loblaws.ca/products/20521370/b3/en/front/20521370_front_a06_@2.png","text":"$6.99\n\nPresident's Choice\n\nFree From Maple Breakfast Pork Sausages\n\n375 g, $1.86/100g"},{"image":"https://assets.shop.loblaws.ca/products/20772637/b3/en/front/20772637_front_a06_@2.png","text":"$7.99\n\nSchneider\n\nHickory Smoked 50% Less Salt Bacon\n\n375 g, $2.13/100g"},{"image":"https://assets.shop.loblaws.ca/products/20303844/b3/en/front/20303844_front_a06_@2.png","text":"$6.99\n\nJohnsonville\n\nMild Italian Sausage\n\n500 g, $1.40/100g"},{"image":"https://assets.shop.loblaws.ca/products/20016865/b3/en/front/20016865_front_a06_@2.png","text":"$5.99\n\nButterball\n\nTurkey, Bacon Style\n\n375 g, $1.60/100g"},{"image":"https://assets.shop.loblaws.ca/products/20519917/b3/en/front/20519917_front_a06_@2.png","text":"$7.99\n\nPresident's Choice\n\nFree From Honey Garlic Flavoured Pork Sausages\n\n500 g, $1.60/100g"},{"image":"https://assets.shop.loblaws.ca/products/20164959/b3/en/front/20164959_front_a06_@2.png","text":"$6.00\n\nMaple Leaf\n\nReady Crisp Fully Cooked Natural Bacon Slices\n\n65 g, $9.23/100g"},{"image":"https://assets.shop.loblaws.ca/products/20562167/b3/en/front/20562167_front_a06_@2.png","text":"$7.99\n\nPresident's Choice\n\nFree From Hot Italian Pork Sausages\n\n500 g, $1.60/100g"},{"image":"https://assets.shop.loblaws.ca/products/20770591/b3/en/front/20770591_front_a06_@2.png","text":"$9.49\n\nSchneider\n\nJuicy Jumbos All Beef Hot Dogs\n\n375 g, $2.53/100g"},{"image":"https://assets.shop.loblaws.ca/products/20062715/b3/en/front/20062715_front_a06_@2.png","text":"sale\n$1.99\n\nwas\n$2.99\n\nMaple Lodge Farms LT\n\nChicken Wiener\n\n450 g, $0.44/100g\n\nSAVE $1.00"},{"image":"https://assets.shop.loblaws.ca/products/20744442/b3/en/front/20744442_front_a06_@2.png","text":"$7.99\n\nPresident's Choice\n\nFree From Bangers Pork Sausages\n\n500 g, $1.60/100g"},{"image":"https://assets.shop.loblaws.ca/products/20878411/b3/en/front/20878411_front_a06_@2.png","text":"$5.99\n\nJohnsonville\n\nGround Mild Italian Sausage\n\n375 g, $1.60/100g"},{"image":"https://assets.shop.loblaws.ca/products/20105611/b3/en/front/20105611_front_a06_@2.png","text":"$8.99\n\nSchneider\n\nJuicy Jumbos Original Hot Dogs\n\n450 g, $2.00/100g"},{"image":"https://assets.shop.loblaws.ca/products/21283665/b3/en/front/21283665_front_a06_@2.png","text":"$7.99\n\nPresident's Choice\n\nFree From Chorizo Pork Sausages\n\n500 g, $1.60/100g"},{"image":"https://assets.shop.loblaws.ca/products/20158166/b3/en/front/20158166_front_a06_@2.png","text":"$6.99\n\nJohnsonville\n\nBrown Sugar & Honey Breakfast Sausage\n\n375 g, $1.86/100g"},{"image":"https://assets.shop.loblaws.ca/products/21444537/b3/en/front/21444537_front_a06_@2.png","text":"$9.49\n\nSchneider\n\nAll Beef Hot Dogs\n\n375 g, $2.53/100g"},{"image":"https://assets.shop.loblaws.ca/products/20003902/b3/en/front/20003902_front_a06_@2.png","text":"$6.99\n\nJohnsonville\n\nHot Italian Sausage\n\n500 g, $1.40/100g"},{"image":"https://assets.shop.loblaws.ca/products/20006571/b3/en/front/20006571_front_a06_@2.png","text":"sale\n$1.99\n\nwas\n$2.49\n\nZabiha Halal\n\nChicken Wieners Original\n\n450 g, $0.44/100g\n\nSAVE $0.50"},{"image":"https://assets.shop.loblaws.ca/products/20324373/b3/en/front/20324373_front_a06_@2.png","text":"$6.99\n\nJohnsonville\n\nOriginal Bratwurst Sausage\n\n500 g, $1.40/100g"},{"image":"https://assets.shop.loblaws.ca/products/20133609/b3/en/front/20133609_front_a06_@2.png","text":"$4.99\n\nLous\n\nPeameal Bacon Original\n\n454 g, $1.10/100g"},{"image":"https://assets.shop.loblaws.ca/products/20732535/b3/en/front/20732535_front_a06_@2.png","text":"$13.99\n\nPresident's Choice\n\nCheddarSmokies\n\n1 kg, $1.40/100g"},{"image":"https://assets.shop.loblaws.ca/products/20655298/b3/en/front/20655298_front_a06_@2.png","text":"$5.49\n\nPresident's Choice\n\nFree From Wieners\n\n375 g, $1.46/100g"},{"image":"https://assets.shop.loblaws.ca/products/21414691/b3/en/front/21414691_front_a06_@2.png","text":"$6.00\n\nNo Name\n\nHot Dogs Chicken Club Pack\n\n1.5 kg, $0.40/100g"},{"image":"","text":"about $7.39\n\nHot Italian Pork Sausage\n\n$7.69/1kg"},{"image":"https://assets.shop.loblaws.ca/products/21220674/b3/en/front/21220674_front_a06_@2.png","text":"$5.99\n\nBeyond Meat\n\nBeyond Beef Grounds\n\n340 g, $1.76/100g"},{"image":"https://assets.shop.loblaws.ca/products/21366170/b3/en/front/21366170_front_a06_@2.png","text":"$6.99\n\nMarcangelo\n\nMarc Angelo Pork Sausages with Rapini and Parmigiano Reggiano Cheese 675 g\n\n675 g, $1.04/100g"},{"image":"https://assets.shop.loblaws.ca/products/21440635/b3/en/front/21440635_front_a06_@2.png","text":"$9.99\n\nRea\n\nItalian Sausage\n\n720 g, $1.39/100g"},{"image":"https://assets.shop.loblaws.ca/products/21400524/b3/en/front/21400524_front_a06_@2.png","text":"$6.49\n\nClean\n\nGourmet Chicken Sweet Pepper Fully Cooked Sausage\n\n375 g, $1.73/100g"},{"image":"https://assets.shop.loblaws.ca/products/21289731/b3/en/front/21289731_front_a06_@2.png","text":"$6.99\n\nMarcangelo\n\nSweet Italian Jumbo Sausage\n\n675 g, $1.04/100g"},{"image":"https://assets.shop.loblaws.ca/products/20096883/b3/en/front/20096883_front_a06_@2.png","text":"$6.00\n\nNo Name\n\nAll-Beef Wieners\n\n450 g, $1.33/100g"},{"image":"https://assets.shop.loblaws.ca/products/21218686/b3/en/front/21218686_front_a06_@2.png","text":"$5.99\n\nButcher's Choice\n\nPork Breakfast Sausages\n\n500 g, $1.20/100g"},{"image":"https://assets.shop.loblaws.ca/products/20559641/b3/en/front/20559641_front_a06_@2.png","text":"about $36.17\n\nCook's Portion Ham\n\n$8.80/1kg"},{"image":"https://assets.shop.loblaws.ca/products/20883220/b3/en/front/20883220_front_a06_@2.png","text":"$7.49\n\nPresident's Choice\n\nFree From Lean Ground Pork\n\n454 g, $1.65/100g"},{"image":"https://assets.shop.loblaws.ca/products/21094878/b3/en/front/21094878_front_a06_@2.png","text":"$14.99\n\nSchneider\n\nOriginal Half Ham\n\n700 g, $2.14/100g"},{"image":"https://assets.shop.loblaws.ca/products/20682690/b3/en/front/20682690_front_a06_@2.png","text":"$15.49\n\nPresident's Choice\n\nFree From Smoked Ham\n\n700 g, $2.21/100g"},{"image":"https://assets.shop.loblaws.ca/products/20683470/b3/en/front/20683470_front_a06_@2.png","text":"about $10.76\n\nPork Combo Chops\n\n$10.78/1kg"},{"image":"https://assets.shop.loblaws.ca/products/21161819/b3/en/front/21161819_front_a06_@2.png","text":"about $13.59\n\nPork Picnic Shoulder\n\n$3.95/1kg"},{"image":"https://assets.shop.loblaws.ca/products/20188379/b3/en/front/20188379_front_a06_@2.png","text":"about $18.15\n\nNo Name\n\nPork Cottage Roll\n\n$12.10/1kg"},{"image":"https://assets.shop.loblaws.ca/products/21094883/b3/en/front/21094883_front_a06_@2.png","text":"$14.99\n\nMaple Leaf\n\nOriginal Natural Smoked Ham\n\n600 g, $2.50/100g"},{"image":"https://assets.shop.loblaws.ca/products/21022221/b3/en/front/21022221_front_a06_@2.png","text":"$14.99\n\nSwiss Chalet\n\nBBQ Pork Ribs\n\n600 g, $2.50/100g"},{"image":"https://assets.shop.loblaws.ca/products/20353305/b3/en/front/20353305_front_a06_@2.png","text":"about $8.43\n\nBoneless Pork Chop Center & Rib, Club Pack\n\n$11.00/1kg"},{"image":"https://assets.shop.loblaws.ca/products/21093780/b3/en/front/21093780_front_a06_@2.png","text":"$14.99\n\nSwiss Chalet\n\nPork Back Ribs, Honey Garlic\n\n600 g, $2.50/100g"},{"image":"https://assets.shop.loblaws.ca/products/20353297/b3/en/front/20353297_front_a06_@2.png","text":"about $7.38\n\nGround Pork, Lean - Tray Pack\n\n$11.66/1kg"},{"image":"https://assets.shop.loblaws.ca/products/20353851/b3/en/front/20353851_front_a06_@2.png","text":"about $13.48\n\nLean Ground Pork, Club Pack\n\n$11.66/1kg"},{"image":"https://assets.shop.loblaws.ca/products/20690059/b3/en/front/20690059_front_a06_@2.png","text":"about $45.29\n\nCooks\n\nCook's Whole Smoked Picnic Ham\n\n$10.34/1kg"},{"image":"https://assets.shop.loblaws.ca/products/20289619/b3/en/front/20289619_front_a06_@2.png","text":"about $10.61\n\nPork Side Rib Portion\n\n$5.49/1kg"},{"image":"https://assets.shop.loblaws.ca/products/21095306/b3/en/front/21095306_front_a06_@2.png","text":"about $7.58\n\nPresident's Choice\n\nFree From Boneless Rib End Pork Roast, Tray Pack\n\n$11.00/1kg"},{"image":"https://assets.shop.loblaws.ca/products/21122668/b3/en/front/21122668_front_a06_@2.png","text":"about $6.51\n\nPresident's Choice\n\nFree From Pork Bone In Sirloin Chops\n\n$8.80/1kg"},{"image":"https://assets.shop.loblaws.ca/products/21095290/b3/en/front/21095290_front_a06_@2.png","text":"about $8.05\n\nPresident's Choice\n\nFree From Boneless Pork Center & Rib Chops\n\n$17.61/1kg"},{"image":"https://assets.shop.loblaws.ca/products/21530551/b3/en/front/21530551_front_a06_@2.png","text":"sale\n$9.99\n\nwas\n$12.00\n\nLous\n\nBBQ Pork Back Rib\n\n680 g, $1.47/100g\n\nSAVE $2.01"},{"image":"https://assets.shop.loblaws.ca/products/20353962/b3/en/front/20353962_front_a06_@2.png","text":"about $5.59\n\nPork Breast Bones\n\n$3.28/1kg"},{"image":"https://assets.shop.loblaws.ca/products/20358125/b3/en/front/20358125_front_a06_@2.png","text":"about $16.28\n\nPork Shoulder Picnic Roast, Seasoned\n\n$8.36/1kg"},{"image":"https://assets.shop.loblaws.ca/products/20353575/b3/en/front/20353575_front_a06_@2.png","text":"about $8.81\n\nHam Hock\n\n$8.80/1kg"},{"image":"https://assets.shop.loblaws.ca/products/20022055/b3/en/front/20022055_front_a06_@2.png","text":"about $8.86\n\nPork Tenderloin Frozen\n\n$9.90/1kg"},{"image":"https://assets.shop.loblaws.ca/products/20855731/b3/en/front/20855731_front_a06_@2.png","text":"about $3.66\n\nPork Liver\n\n$8.80/1kg"},{"image":"https://assets.shop.loblaws.ca/products/21284542/b3/en/front/21284542_front_a06_@2.png","text":"$13.99\n\nPresident's Choice\n\nFully Cooked Pork Back Ribs, Smokin Stampede\n\n500 g, $2.80/100g"},{"image":"https://assets.shop.loblaws.ca/products/21517824/b3/en/front/21517824_front_a06_@2.png","text":"$13.99\n\nPresident's Choice\n\nCarolina Gold Sauce Pork Back Ribs\n\n500 g, $2.80/100g"},{"image":"https://assets.shop.loblaws.ca/products/21095303/b3/en/front/21095303_front_a06_@2.png","text":"about $7.05\n\nPresident's Choice\n\nFree From Boneless Pork Fast Fry Center Chop, Tray Pack\n\n$15.41/1kg"},{"image":"","text":"about $6.34\n\nPork Boneless Seasoned Schnitzels\n\n$19.81/1kg"},{"image":"https://assets.shop.loblaws.ca/products/20855836/b3/en/front/20855836_front_a06_@2.png","text":"about $5.83\n\nPork Tails\n\n$11.00/1kg"},{"image":"https://assets.shop.loblaws.ca/products/20621861/b3/en/front/20621861_front_a06_@2.png","text":"about $15.17\n\nPork Picnic\n\n$3.95/1kg"},{"image":"https://assets.shop.loblaws.ca/products/20353885/b3/en/front/20353885_front_a06_@2.png","text":"about $17.71\n\nPork Loin Centre Chop, Club Pack Seasoned\n\n$13.21/1kg"},{"image":"https://assets.shop.loblaws.ca/products/21094964/b3/en/front/21094964_front_a06_@2.png","text":"about $10.23\n\nPresident's Choice\n\nFree From Bone In Pork Center Chop, Tray Pack\n\n$19.38/1kg"},{"image":"https://assets.shop.loblaws.ca/products/20353615/b3/en/front/20353615_front_a06_@2.png","text":"about $5.68\n\nPork Boneless Chop Center & Rib\n\n$15.41/1kg"},{"image":"https://assets.shop.loblaws.ca/products/20353967/b3/en/front/20353967_front_a06_@2.png","text":"about $6.34\n\nPork Loin Center Cutlet Boneless\n\n$13.20/1kg"},{"image":"https://assets.shop.loblaws.ca/products/20353700/b3/en/front/20353700_front_a06_@2.png","text":"about $8.01\n\nPork Loin Chop, Centre Cut\n\n$14.31/1kg"},{"image":"https://assets.shop.loblaws.ca/products/20860865/b3/en/front/20860865_front_a06_@2.png","text":"about $7.85\n\nPork Tenderloin\n\n$14.53/1kg"},{"image":"https://assets.shop.loblaws.ca/products/21530546/b3/en/front/21530546_front_a06_@2.png","text":"sale\n$9.99\n\nwas\n$12.00\n\nLous\n\nSous Vide Fully Cooked Hand Cut Pork Back Ribs In Texas Style Bbq Sauce\n\n680 g, $1.47/100g\n\nSAVE $2.01"},{"image":"https://assets.shop.loblaws.ca/products/20970909/b3/en/front/20970909_front_a06_@2.png","text":"about $21.38\n\nFrozen Pork Back Ribs\n\n$8.36/1kg"},{"image":"https://assets.shop.loblaws.ca/products/20078733/b3/en/front/20078733_front_a06_@2.png","text":"$4.29\n\nCapiccolo Casing, Extra Wide\n\n1 ea, $4.29/1ea"},{"image":"https://assets.shop.loblaws.ca/products/21041614/b3/en/front/21041614_front_a06_@2.png","text":"about $5.50\n\nFast Fry Rib End Pork Chop Boneless\n\n$12.10/1kg"},{"image":"https://assets.shop.loblaws.ca/products/21095305/b3/en/front/21095305_front_a06_@2.png","text":"about $13.10\n\nPresident's Choice\n\nFree From Boneless Center Loin Roast, Tray Pack\n\n$18.72/1kg"},{"image":"https://assets.shop.loblaws.ca/products/20769496/b3/en/front/20769496_front_a06_@2.png","text":"about $12.73\n\nPork Back Ribs, 2-pack\n\n$5.49/1kg"},{"image":"https://assets.shop.loblaws.ca/products/20911558/b3/en/front/20911558_front_a06_@2.png","text":"$4.99\n\nZabiha Halal\n\nSliced Smoked Halal Chicken Breast Roast\n\n200 g, $2.50/100g"},{"image":"https://assets.shop.loblaws.ca/products/21530777/b3/en/front/21530777_front_a06_@2.png","text":"sale\n$9.99\n\nwas\n$12.00\n\nLous\n\nSous Vide Fully Cooked Pork Back Ribs In Honey & Garlic Bbq Sauce\n\n680 g, $1.47/100g\n\nSAVE $2.01"},{"image":"https://assets.shop.loblaws.ca/products/20580894/b3/en/front/20580894_front_a06_@2.png","text":"$4.00\n\nBoneless Combo Chops\n\n300 g, $1.33/100g"},{"image":"https://assets.shop.loblaws.ca/products/20353421/b3/en/front/20353421_front_a06_@2.png","text":"about $7.66\n\nPork Belly, Sliced\n\n$17.61/1kg"},{"image":"https://assets.shop.loblaws.ca/products/20655295/b3/en/front/20655295_front_a06_@2.png","text":"$6.00\n\nThick Centre Cut Pork Loin Steak, Boneless\n\n380 g, $1.58/100g"},{"image":"https://assets.shop.loblaws.ca/products/20353330/b3/en/front/20353330_front_a06_@2.png","text":"about $5.15\n\nPork Riblets\n\n$9.90/1kg"},{"image":"https://assets.shop.loblaws.ca/products/20430724/b3/en/front/20430724_front_a06_@2.png","text":"about $12.53\n\nSeaquest\n\nAtlantic Salmon Steak\n\n$32.61/1kg"},{"image":"https://assets.shop.loblaws.ca/products/21166925/b3/en/front/21166925_front_a06_@2.png","text":"about $17.85\n\nCoho Salmon Fillet, Skin On\n\n$33.05/1kg"},{"image":"","text":"about $9.11\n\nCoho Salmon Fillets, Previously Frozen\n\n$28.64/1kg"},{"image":"https://assets.shop.loblaws.ca/products/20339767/b3/en/front/20339767_front_a06_@2.png","text":"about $22.85\n\nFresh Salmon\n\n$30.84/1kg"},{"image":"https://assets.shop.loblaws.ca/products/21339690/b3/en/front/21339690_front_a06_@2.png","text":"$1.00\n\nGreen Ocean\n\nGo Basa Portion\n\n114 g, $0.88/100g"},{"image":"https://assets.shop.loblaws.ca/products/21339711/b3/en/front/21339711_front_a06_@2.png","text":"$1.00\n\nGreen Ocean\n\nGo Wild Haddock Portion\n\n114 g, $0.88/100g"},{"image":"https://assets.shop.loblaws.ca/products/21450306/b3/en/front/21450306_front_a06_@2.png","text":"$11.99\n\nGreen Ocean\n\nGo Wild Wild Pacific Pink Salmon Fillets Wild Caught\n\n500 g, $2.40/100g"},{"image":"https://assets.shop.loblaws.ca/products/21093881/b3/en/front/21093881_front_a06_@2.png","text":"sale\n$6.99\n\nwas\n$9.99\n\nHigh Liner\n\nPink Salmon\n\n400 g, $1.75/100g\n\nSAVE $3.00"},{"image":"https://assets.shop.loblaws.ca/products/21314738/b3/en/front/21314738_front_a06_@2.png","text":"$17.99\n\nSeaquest\n\nPink Salmon Fillets\n\n1 kg, $1.80/100g"},{"image":"https://assets.shop.loblaws.ca/products/21314740/b3/en/front/21314740_front_a06_@2.png","text":"$6.99\n\nSeaquest\n\nPink Salmon Fillets\n\n400 g, $1.75/100g"},{"image":"https://assets.shop.loblaws.ca/products/20184687/b3/en/front/20184687_front_a06_@2.png","text":"about $12.03\n\nSeaquest\n\nRainbow Trout Fillets\n\n$30.84/1kg"},{"image":"https://assets.shop.loblaws.ca/products/21180833/b3/en/front/21180833_front_a06_@2.png","text":"$10.00\n\nSalmon\n\n700 g, $1.43/100g"},{"image":"https://assets.shop.loblaws.ca/products/21449640/b3/en/front/21449640_front_a06_@2.png","text":"about $7.03\n\nSteelhead Trout Fillet Frozen\n\n$24.23/1kg"},{"image":"https://assets.shop.loblaws.ca/products/21179848/b3/en/front/21179848_front_a06_@2.png","text":"about $18.10\n\nSteelhead Trout Fillet, Fresh\n\n$34.15/1kg"},{"image":"https://assets.shop.loblaws.ca/products/21106049/b3/en/front/21106049_front_a06_@2.png","text":"$12.99\n\nPresident's Choice\n\nBang Bang Shrimp\n\n400 g, $3.25/100g"},{"image":"https://assets.shop.loblaws.ca/products/20979150/b3/en/front/20979150_front_a06_@2.png","text":"$27.00\n\nPresident's Choice\n\nBlack Tiger Shrimp With Mild Cocktail Sauce Gigantico\n\n568 g, $4.75/100g"},{"image":"https://assets.shop.loblaws.ca/products/21044919/b3/en/front/21044919_front_a06_@2.png","text":"$8.49\n\nSeaquest\n\nCooked Shrimp\n\n300 g, $2.83/100g"},{"image":"https://assets.shop.loblaws.ca/products/20792242/b3/en/front/20792242_front_a06_@2.png","text":"$16.49\n\nAnchor Bay\n\nCooked Shrimp 61-70 ct\n\n454 g, $3.63/100g"},{"image":"https://assets.shop.loblaws.ca/products/21043685/b3/en/front/21043685_front_a06_@2.png","text":"$8.49\n\nSeaquest\n\nCooked Shrimp, 36/45\n\n300 g, $2.83/100g"},{"image":"https://assets.shop.loblaws.ca/products/21481245/b3/en/front/21481245_front_a06_@2.png","text":"$16.99\n\nPresident's Choice\n\nCrispy Shrimp Fine Hors D'Oeuvre Trio\n\n528 g, $3.22/100g"},{"image":"https://assets.shop.loblaws.ca/products/21208591/b3/en/front/21208591_front_a06_@2.png","text":"$3.99\n\nGreen Ocean\n\nGo Cooked White Shrimp 61/90\n\n160 g, $2.49/100g"},{"image":"https://assets.shop.loblaws.ca/products/21208596/b3/en/front/21208596_front_a06_@2.png","text":"$3.99\n\nGreen Ocean\n\nGo Raw White Shrimp 51/70\n\n160 g, $2.49/100g"},{"image":"https://assets.shop.loblaws.ca/products/21383400/b3/en/front/21383400_front_a06_@2.png","text":"$4.99\n\nSardo\n\nHerb & Garlic Marinated Mussels\n\n250 ml, $2.00/100g"},{"image":"https://assets.shop.loblaws.ca/products/21332404/b3/en/front/21332404_front_a06_@2.png","text":"$15.49\n\nPC Organics\n\nOrganics Peeled Raw Black Tiger Shrimp\n\n300 g, $5.16/100g"},{"image":"https://assets.shop.loblaws.ca/products/21044927/b3/en/front/21044927_front_a06_@2.png","text":"$7.49\n\nSeaquest\n\nPacific White Shrimp\n\n300 g, $2.50/100g"},{"image":"https://assets.shop.loblaws.ca/products/20791381/b3/en/front/20791381_front_a06_@2.png","text":"$11.99\n\nPresident's Choice\n\nPacific White Shrimp Cooked Peeled\n\n400 g, $3.00/100g"},{"image":"https://assets.shop.loblaws.ca/products/20147098/b3/en/front/20147098_front_a06_@2.png","text":"$20.00\n\nPresident's Choice\n\nPacific White Shrimp Platter with Mild Cocktail Sauce\n\n568 g, $3.52/100g"},{"image":"https://assets.shop.loblaws.ca/products/21043887/b3/en/front/21043887_front_a06_@2.png","text":"$8.49\n\nSeaquest\n\nPacific White Shrimp Raw 16-20/LB\n\n300 g, $2.83/100g"},{"image":"https://assets.shop.loblaws.ca/products/20789931/b3/en/front/20789931_front_a06_@2.png","text":"$10.99\n\nPresident's Choice\n\nPacific White Shrimp Raw Peeled, Large\n\n400 g, $2.75/100g"},{"image":"https://assets.shop.loblaws.ca/products/21332386/b3/en/front/21332386_front_a06_@2.png","text":"$12.99\n\nPresident's Choice\n\nRaw Shrimp\n\n340 g, $3.82/100g"},{"image":"https://assets.shop.loblaws.ca/products/20907159/b3/en/front/20907159_front_a06_@2.png","text":"sale\n$5.99\n\nwas\n$11.29\n\nRaw Wild Shrimp, Easy Peel\n\n300 g, $2.00/100g\n\nSAVE $5.30"},{"image":"https://assets.shop.loblaws.ca/products/20180352/b3/en/front/20180352_front_a06_@2.png","text":"$12.49\n\nSeaquest\n\nSalad Shrimp\n\n454 g, $2.75/100g"},{"image":"https://assets.shop.loblaws.ca/products/21098179/b3/en/front/21098179_front_a06_@2.png","text":"$7.99\n\nSardo\n\nSelect Seafood Salad Marinated\n\n212 g, $3.20/100ml"},{"image":"https://assets.shop.loblaws.ca/products/21098175/b3/en/front/21098175_front_a06_@2.png","text":"$7.99\n\nSardo\n\nSelect Shrimp Herb & Garlic Marinated\n\n212 g, $3.20/100ml"},{"image":"https://assets.shop.loblaws.ca/products/21098170/b3/en/front/21098170_front_a06_@2.png","text":"$7.99\n\nSardo\n\nSelect Shrimp Spicy Jalapeo Marinated\n\n250 ml, $3.20/100ml"},{"image":"https://assets.shop.loblaws.ca/products/20979191/b3/en/front/20979191_front_a06_@2.png","text":"$13.49\n\nSeaquest\n\nShrimp Ring\n\n454 g, $2.97/100g"},{"image":"https://assets.shop.loblaws.ca/products/20080289/b3/en/front/20080289_front_a06_@2.png","text":"$7.99\n\nSeaquest\n\nShrimp Ring\n\n227 g, $3.52/100g"},{"image":"https://assets.shop.loblaws.ca/products/20950440/b3/en/front/20950440_front_a06_@2.png","text":"$11.99\n\nPresident's Choice\n\nThai Basil Shrimp Spring Rolls\n\n294 g, $4.08/100g"},{"image":"https://assets.shop.loblaws.ca/products/21285255/b3/en/front/21285255_front_a06_@2.png","text":"$12.99\n\nPresident's Choice\n\nAtlantic Salmon Burger\n\n568 g, $2.29/100g"},{"image":"https://assets.shop.loblaws.ca/products/21220644/b3/en/front/21220644_front_a06_@2.png","text":"$15.99\n\nPresident's Choice\n\nBacon-Wrapped Wild Sea Scallops\n\n260 g, $6.15/100g"},{"image":"https://assets.shop.loblaws.ca/products/21398243/b3/en/front/21398243_front_a06_@2.png","text":"$12.99\n\nPresident's Choice\n\nBeer Battered Shrimp\n\n300 g, $4.33/100g"},{"image":"https://assets.shop.loblaws.ca/products/20080117/b3/en/front/20080117_front_a06_@2.png","text":"$11.99\n\nPresident's Choice\n\nBreaded Butterflied Shrimp\n\n400 g, $3.00/100g"},{"image":"https://assets.shop.loblaws.ca/products/20135874/b3/en/front/20135874_front_a06_@2.png","text":"$11.99\n\nPresident's Choice\n\nBreaded Coconut Shrimp With Sweet Chili Dipping Sauce\n\n454 g, $2.64/100g"},{"image":"https://assets.shop.loblaws.ca/products/21480526/b3/en/front/21480526_front_a06_@2.png","text":"$9.99\n\nPresident's Choice\n\nBreaded Potato and Wild Salt Cod Croquettes\n\n300 g, $3.33/100g"},{"image":"https://assets.shop.loblaws.ca/products/21473698/b3/en/front/21473698_front_a06_@2.png","text":"$10.00\n\nBreaded Squid Rings\n\n908 g, $1.10/100g"},{"image":"https://assets.shop.loblaws.ca/products/21454797/b3/en/front/21454797_front_a06_@2.png","text":"$5.99\n\nWaterview Market\n\nCrispy Calamari\n\n300 g, $2.00/100g"},{"image":"https://assets.shop.loblaws.ca/products/21364651/b3/en/front/21364651_front_a06_@2.png","text":"$9.99\n\nPresident's Choice\n\nGluten Free Breaded Shrimp\n\n340 g, $2.94/100g"},{"image":"https://assets.shop.loblaws.ca/products/20804104/b3/en/front/20804104_front_a06_@2.png","text":"$1.69\n\nGreen Ocean\n\nGo Flake Style Crab Flavoured Seafood\n\n200 g, $0.85/100g"},{"image":"https://assets.shop.loblaws.ca/products/21001228/b3/en/front/21001228_front_a06_@2.png","text":"$8.49\n\nPresident's Choice\n\nMelt In The Middle Sustainably Sourced Cod Fish Cakes\n\n290 g, $2.93/100g"},{"image":"https://assets.shop.loblaws.ca/products/21102693/b3/en/front/21102693_front_a06_@2.png","text":"$11.99\n\nPresident's Choice\n\nRaw Butterflied Shrimp Garlic & Herb Grilling 12 Pieces Minimum\n\n340 g, $3.53/100g"},{"image":"https://assets.shop.loblaws.ca/products/21481247/b3/en/front/21481247_front_a06_@2.png","text":"$10.99\n\nPresident's Choice\n\nSea Salt and Malt Vinegar Haddock Bites\n\n454 g, $2.42/100g"},{"image":"https://assets.shop.loblaws.ca/products/21433078/b3/en/front/21433078_front_a06_@2.png","text":"$6.99\n\nPremier\n\nSeafood Mix\n\n340 g, $2.06/100g"},{"image":"https://assets.shop.loblaws.ca/products/21177159/b3/en/front/21177159_front_a06_@2.png","text":"$1.49\n\nDOM\n\nSurimi Sticks\n\n125 g, $1.19/100g"},{"image":"https://assets.shop.loblaws.ca/products/20978921/b3/en/front/20978921_front_a06_@2.png","text":"$11.99\n\nPresident's Choice\n\nTempura Torpedo Shrimp With Sweet Soy Dipping Sauce\n\n340 g, $3.53/100g"},{"image":"https://assets.shop.loblaws.ca/products/20791670/b3/en/front/20791670_front_a06_@2.png","text":"$5.99\n\nAnchor Bay\n\nCooked Clam Meat\n\n340 g, $2.00/100g"},{"image":"https://assets.shop.loblaws.ca/products/20151325/b3/en/front/20151325_front_a06_@2.png","text":"$9.99\n\nSeaquest\n\nFrozen Bay Scallops, Small\n\n454 g, $2.20/100g"},{"image":"https://assets.shop.loblaws.ca/products/20500045/b3/en/front/20500045_front_a06_@2.png","text":"$10.99\n\nSeaquest\n\nGreen-Lipped Mussels in the Half Shell New Zealand\n\n454 g, $2.42/100g"},{"image":"https://assets.shop.loblaws.ca/products/20764949/b3/en/front/20764949_front_a06_@2.png","text":"$8.99\n\nFeature Foods\n\nHerring Fillets in Wine Marinade\n\n600 g, $1.50/100g"},{"image":"https://assets.shop.loblaws.ca/products/21516934/b3/en/front/21516934_front_a06_@2.png","text":"$21.99\n\nPC Black Label\n\nHokkaido Scallops\n\n300 g, $7.33/100g"},{"image":"https://assets.shop.loblaws.ca/products/21556624/b3/en/front/21556624_front_a06_@2.png","text":"New\n\n$7.49\n\nCanadian Cove\n\nPei Mussels\n\n907 g, $0.83/100g"},{"image":"https://assets.shop.loblaws.ca/products/21447359/b3/en/front/21447359_front_a06_@2.png","text":"$15.99\n\nPremier\n\nWild Crab Blue Swimming Crab Meat\n\n227 g, $7.04/100g"},{"image":"https://assets.shop.loblaws.ca/products/20976930/b3/en/front/20976930_front_a06_@2.png","text":"$10.99\n\nPresident's Choice\n\nCandied Salmon, Maple Flavour\n\n150 g, $7.33/100g"},{"image":"https://assets.shop.loblaws.ca/products/21491978/b3/en/front/21491978_front_a06_@2.png","text":"$11.99\n\nPresident's Choice\n\nEverything Seasoned Smoked Steelhead Salmon\n\n150 g, $7.99/100g"},{"image":"https://assets.shop.loblaws.ca/products/21404587/b3/en/front/21404587_front_a06_@2.png","text":"$11.99\n\nPresident's Choice\n\nOak Smoked Scottish Atlantic Salmon\n\n150 g, $7.99/100g"},{"image":"https://assets.shop.loblaws.ca/products/21047088/b3/en/front/21047088_front_a06_@2.png","text":"$11.99\n\nPresident's Choice\n\nScottish Atlantic Salmon Double Smoked\n\n150 g, $7.99/100g"},{"image":"https://assets.shop.loblaws.ca/products/20108286/b3/en/front/20108286_front_a06_@2.png","text":"$10.99\n\nPresident's Choice\n\nSmoked Atlantic Salmon\n\n150 g, $7.33/100g"},{"image":"https://assets.shop.loblaws.ca/products/21358853/b3/en/front/21358853_front_a06_@2.png","text":"$17.79\n\nFoppen\n\nSmoked Salmon Toast Trio\n\n248 g, $7.17/100g"},{"image":"https://assets.shop.loblaws.ca/products/20792840/b3/en/front/20792840_front_a06_@2.png","text":"sale\n$2.99\n\nwas\n$3.29\n\nDOM\n\nSmoked Steelhead Salmon\n\n50 g, $5.98/100g\n\nSAVE $0.30"},{"image":"https://assets.shop.loblaws.ca/products/20055009/b3/en/front/20055009_front_a06_@2.png","text":"$11.99\n\nPresident's Choice\n\nSmoked Wild Sockeye Salmon\n\n150 g, $7.99/100g"},{"image":"https://assets.shop.loblaws.ca/products/21527800/b3/en/front/21527800_front_a06_@2.png","text":"$14.99\n\nDOM\n\nSpecialty Smoked Steelhead Salmon\n\n250 g, $6.00/100g"},{"image":"https://assets.shop.loblaws.ca/products/21473748/b3/en/front/21473748_front_a06_@2.png","text":"$10.00\n\n$10 Basa Fillets\n\n908 g, $1.10/100g"},{"image":"https://assets.shop.loblaws.ca/products/21009374/b3/en/front/21009374_front_a06_@2.png","text":"$4.99\n\nPaese Mio\n\nAnchovies\n\n80 g, $6.65/100g"},{"image":"https://assets.shop.loblaws.ca/products/20862396/b3/en/front/20862396_front_a06_@2.png","text":"$2.99\n\nLaurena\n\nAnchovy Paste\n\n60 g, $4.98/100g"},{"image":"https://assets.shop.loblaws.ca/products/20870309/b3/en/front/20870309_front_a06_@2.png","text":"$11.29\n\nBangamary Pan Ready\n\n800 g, $1.41/100g"},{"image":"https://assets.shop.loblaws.ca/products/21179967/b3/en/front/21179967_front_a06_@2.png","text":"$8.49\n\nGreen Ocean\n\nBasa Fillets\n\n1130 g, $0.75/100g"},{"image":"https://assets.shop.loblaws.ca/products/20550877/b3/en/front/20550877_front_a06_@2.png","text":"$6.99\n\nSeaquest\n\nBasa Fillets\n\n400 g, $1.75/100g"},{"image":"https://assets.shop.loblaws.ca/products/21432307/b3/en/front/21432307_front_a06_@2.png","text":"$4.49\n\nPremier\n\nBasa Fillets\n\n400 g, $1.12/100g"},{"image":"https://assets.shop.loblaws.ca/products/21447861/b3/en/front/21447861_front_a06_@2.png","text":"$3.79\n\nAquastar\n\nBasa Fillets Uncooked, Boneless, Skinless\n\n400 g, $0.95/100g"},{"image":"https://assets.shop.loblaws.ca/products/20910469/b3/en/front/20910469_front_a06_@2.png","text":"$10.99\n\nBasa Steaks\n\n1 kg, $1.10/100g"},{"image":"https://assets.shop.loblaws.ca/products/20065494/b3/en/front/20065494_front_a06_@2.png","text":"about $4.73\n\nBeef Soup Bones\n\n$6.59/1kg"},{"image":"https://assets.shop.loblaws.ca/products/20866456/b3/en/front/20866456_front_a06_@2.png","text":"$13.99\n\nChelsea\n\nBoned Cod Fillets, Salted\n\n454 g, $3.08/100g"},{"image":"https://assets.shop.loblaws.ca/products/20866381/b3/en/front/20866381_front_a06_@2.png","text":"$26.99\n\nChelsea\n\nBoned Salted Cod Fillets\n\n908 g, $2.97/100g"},{"image":"https://assets.shop.loblaws.ca/products/20870227/b3/en/front/20870227_front_a06_@2.png","text":"$14.99\n\nButterfish Fillet\n\n800 g, $1.87/100g"},{"image":"https://assets.shop.loblaws.ca/products/20036614/b3/en/front/20036614_front_a06_@2.png","text":"$6.99\n\nSeaquest\n\nCod Fillets Wild Pacific\n\n400 g, $1.75/100g"},{"image":"https://assets.shop.loblaws.ca/products/21303393/b3/en/front/21303393_front_a06_@2.png","text":"$3.49\n\nClover Leaf\n\nCrab Delectables Flake Style\n\n227 g, $1.54/100g"},{"image":"https://assets.shop.loblaws.ca/products/20866076/b3/en/front/20866076_front_a06_@2.png","text":"$10.99\n\nChelsea\n\nDried Boneless Cod Bits\n\n454 g, $2.42/100g"},{"image":"https://assets.shop.loblaws.ca/products/20875142/b3/en/front/20875142_front_a06_@2.png","text":"$3.99\n\nMillionnaires\n\nFlat Fillets of Anchovies\n\n50 g, $3.99/50g"},{"image":"https://assets.shop.loblaws.ca/products/21367804/b3/en/front/21367804_front_a06_@2.png","text":"$7.29\n\nFrigosto\n\nFrozen And Precooked Cod Brs Style\n\n300 g, $2.43/100g"},{"image":"https://assets.shop.loblaws.ca/products/21368289/b3/en/front/21368289_front_a06_@2.png","text":"$7.29\n\nFrigosto\n\nFrozen And Precooked Cod With Cream\n\n380 g, $1.92/100g"},{"image":"https://assets.shop.loblaws.ca/products/21104526/b3/en/front/21104526_front_a06_@2.png","text":"$3.79\n\nFrozen Yellowfin Tuna Steaks\n\n85 g, $4.74/100g"},{"image":"https://assets.shop.loblaws.ca/products/20066381/b3/en/front/20066381_front_a06_@2.png","text":"about $6.67\n\nGolden Pompano Fish, Frozen\n\n$8.80/1kg"},{"image":"https://assets.shop.loblaws.ca/products/20647509/b3/en/front/20647509_front_a06_@2.png","text":"about $6.84\n\nHaddock Fillets\n\n$27.54/1kg"},{"image":"https://assets.shop.loblaws.ca/products/20110590/b3/en/front/20110590_front_a06_@2.png","text":"about $7.92\n\nItalian Trippa Beef Tripe\n\n$9.90/1kg"},{"image":"https://assets.shop.loblaws.ca/products/20699832/b3/en/front/20699832_front_a06_@2.png","text":"sale\n$2.99\n\nwas\n$3.49\n\nSeaquest\n\nKing Crab Flavoured Wild Alaska Pollock & Wild Pacific Whiting\n\n227 g, $1.32/100g\n\nSAVE $0.50"},{"image":"https://assets.shop.loblaws.ca/products/20750012/b3/en/front/20750012_front_a06_@2.png","text":"sale\n$2.99\n\nwas\n$3.49\n\nSeaquest\n\nKing Crab Flavoured Wild Alaska Pollock Chunks\n\n227 g, $1.32/100g\n\nSAVE $0.50"},{"image":"https://assets.shop.loblaws.ca/products/20749798/b3/en/front/20749798_front_a06_@2.png","text":"sale\n$2.99\n\nwas\n$3.49\n\nSeaquest\n\nLeg-style King Crab Flavoured Wild Alaska Pollock & Wild Pacific Whiting\n\n227 g, $1.32/100g\n\nSAVE $0.50"},{"image":"https://assets.shop.loblaws.ca/products/21303395/b3/en/front/21303395_front_a06_@2.png","text":"$3.49\n\nClover Leaf\n\nLobster Delectables - Flake\n\n227 g, $1.54/100g"},{"image":"https://assets.shop.loblaws.ca/products/20749901/b3/en/front/20749901_front_a06_@2.png","text":"sale\n$2.99\n\nwas\n$3.49\n\nSeaquest\n\nLobster Flavoured Wild Alaska Pollock Chunks\n\n227 g, $1.32/100g\n\nSAVE $0.50"},{"image":"https://assets.shop.loblaws.ca/products/20066373/b3/en/front/20066373_front_a06_@2.png","text":"$6.49\n\nFerma\n\nMackerel, Horse\n\n750 g, $0.87/100g"},{"image":"https://assets.shop.loblaws.ca/products/20111382/b3/en/front/20111382_front_a06_@2.png","text":"$6.79\n\nFerma\n\nMedium Horse Mackerel\n\n750 g, $0.91/100g"},{"image":"https://assets.shop.loblaws.ca/products/20101999/b3/en/front/20101999_front_a06_@2.png","text":"$8.99\n\nSeaquest\n\nPollock Filets, Boneless Skinless\n\n680 g, $1.32/100g"},{"image":"https://assets.shop.loblaws.ca/products/21001233/b3/en/front/21001233_front_a06_@2.png","text":"$8.49\n\nPresident's Choice\n\nSalmon & Haddock Fish Cake\n\n290 g, $2.93/100g"},{"image":"https://assets.shop.loblaws.ca/products/21190362/b3/en/front/21190362_front_a06_@2.png","text":"$2.29\n\nOcean's Treasures\n\nSeafood Basa Portion\n\n200 g, $1.15/100g"},{"image":"https://assets.shop.loblaws.ca/products/21369789/b3/en/front/21369789_front_a06_@2.png","text":"$6.99\n\nFerma\n\nSilverside\n\n450 g, $1.55/100g"},{"image":"https://assets.shop.loblaws.ca/products/20048346/b3/en/front/20048346_front_a06_@2.png","text":"$6.99\n\nSeaquest\n\nSole Fillets, Skinless Boneless\n\n400 g, $1.75/100g"},{"image":"https://assets.shop.loblaws.ca/products/21432305/b3/en/front/21432305_front_a06_@2.png","text":"$9.99\n\nPremier\n\nTilapia\n\n1.36 kg, $0.73/100g"},{"image":"https://assets.shop.loblaws.ca/products/21486336/b3/en/front/21486336_front_a06_@2.png","text":"about $6.76\n\nTilapia Fillets\n\n$19.82/1kg"},{"image":"https://assets.shop.loblaws.ca/products/20111565/b3/en/front/20111565_front_a06_@2.png","text":"$6.99\n\nSeaquest\n\nTilapia Fillets\n\n400 g, $1.75/100g"},{"image":"https://assets.shop.loblaws.ca/products/21314216/b3/en/front/21314216_front_a06_@2.png","text":"$13.99\n\nSeaquest\n\nTilapia Fillets Club Size\n\n1 kg, $1.40/100g"},{"image":"https://assets.shop.loblaws.ca/products/21521232/b3/en/front/21521232_front_a06_@2.png","text":"$5.99\n\nPremier\n\nTilapia Uncooked\n\n280 g, $2.14/100g"},{"image":"https://assets.shop.loblaws.ca/products/20189341/b3/en/Front/20189341_Front_a06_@2.png","text":"about $8.89\n\nTilapia, Frozen\n\n$8.80/1kg"},{"image":"https://assets.shop.loblaws.ca/products/21302697/b3/en/front/21302697_front_a06_@2.png","text":"$3.79\n\nTuna Steak\n\n113 g, $3.35/100g"},{"image":"https://assets.shop.loblaws.ca/products/21374362/b3/en/front/21374362_front_a06_@2.png","text":"about $10.80\n\nTuna Steaks, Previously Frozen\n\n$37.24/1kg"},{"image":"","text":"about $5.35\n\nWhole Beef Shank, Sliced\n\n$9.90/1kg"},{"image":"https://assets.shop.loblaws.ca/products/21546528/b3/en/front/21546528_front_a06_@2.png","text":"New\n\n$8.99\n\nPremier\n\nWhole Pompano Frozen Fish, 700 G\n\n700 g, $1.28/100g"},{"image":"https://assets.shop.loblaws.ca/products/20153570/b3/en/front/20153570_front_a06_@2.png","text":"$6.99\n\nSeaquest\n\nWild Haddock Fillets Skinless Boneless\n\n400 g, $1.75/100g"},{"image":"https://assets.shop.loblaws.ca/products/21167006/b3/en/front/21167006_front_a06_@2.png","text":"$5.99\n\nSeaquest\n\nWild Pollock Fillets\n\n400 g, $1.50/100g"}]
